4050 5559
473 747 591 800 XXVIII

473 904 607 995 luisse,
636 904 701 978 sed
737 930 771 1003 p.
797 909 855 995 12,
882 909 927 978 17
953 931 1154 1005 operarum
1187 929 1311 980 errore
1347 930 1493 978 comma
1513 915 1599 1004 post

473 1025 652 1099 seminudi
670 1026 802 1123 puncti
822 1027 905 1099 loco
932 1028 1099 1126 positum
1122 1036 1186 1099 est.

525 1382 703 1484 Superest
726 1395 764 1459 ut
786 1385 831 1459 de
853 1385 967 1458 altera
989 1386 1101 1458 huius
1127 1384 1327 1458 uoluminis
1353 1395 1459 1482 parte
1481 1412 1601 1483 pauca

474 1507 648 1579 dicamus.
677 1531 760 1579 cum
784 1507 881 1579 enim
903 1505 1057 1579 Minucii
1070 1503 1218 1577 libellus
1232 1505 1342 1577 nimis
1366 1505 1502 1603 exiguo
1526 1531 1600 1578 am·

473 1625 554 1700 bitu
577 1652 656 1701 esse
677 1627 878 1718 uideretur,
895 1652 1008 1723 quam
1019 1636 1062 1698 ut
1077 1625 1228 1723 proprio
1244 1626 1434 1698 uolumine
1446 1628 1484 1699 iu
1499 1652 1600 1699 nouo

474 1771 629 1845 corpore
652 1749 874 1844 scriptorum
887 1747 1220 1819 ecclesiasticorum
1236 1744 1428 1818 commode
1444 1745 1503 1818 edi
1516 1771 1600 1844 pos·

473 1876 544 1957 set,
584 1865 778 1940 Firmici
803 1865 1006 1939 Materni
1030 1865 1169 1938 librum
1203 1863 1247 1936 de
1275 1889 1401 1939 errore
1426 1867 1599 1964 profana·

472 2012 559 2060 rum
577 1989 799 2086 religionum
818 1987 1120 2086 subiungendum
1139 1985 1445 2059 existimauimus.
1472 1989 1503 2060 is
1526 1989 1600 2086 pri-

471 2132 579 2178 mum
606 2132 628 2179 a
654 2105 807 2180 Flaoio
834 2108 1033 2206 Illyrico
1061 2132 1091 2178 a.
1124 2109 1220 2179 1562
1249 2131 1297 2180 ex
1323 2107 1446 2180 codice
1481 2132 1598 2205 quon·

473 2225 559 2298 dam
585 2226 771 2300 Mindensi
797 2227 917 2301 editus
945 2238 1017 2318 est,
1057 2251 1218 2299 excusus
1246 2226 1474 2325 Argentinae
1501 2227 1602 2325 apud

470 2345 633 2419 Paulum
650 2346 982 2446 Machaeropoeum
1007 2347 1218 2446 sumptibus
1233 2346 1416 2420 dohannis
1432 2345 1599 2445 Oporini.

472 2466 590 2539 codex
616 2467 677 2541 ille
695 2468 759 2541 diu
777 2467 981 2556 delituerat,
1002 2467 1120 2540 donec
1139 2465 1346 2540 Conrado
1365 2466 1599 2541 Bursiano

470 2597 554 2660 ante
581 2589 649 2661 hos
677 2588 805 2662 decem
832 2614 950 2661 annos
984 2589 1141 2685 contigit
1166 2596 1210 2659 ut
1235 2586 1391 2676 librum,
1433 2590 1496 2684 qui
1523 2589 1599 2661 iam

470 2733 540 2804 pro
559 2707 750 2806 deperdito
767 2708 983 2798 habebatur,
1011 2710 1050 2780 in
1067 2706 1290 2780 bibliotheca
1303 2704 1482 2779 Vaticana
1499 2709 1597 2781 inter

470 2826 614 2899 codices
628 2825 817 2900 Palatinos
834 2825 971 2900 iterum
998 2827 1195 2899 inueniret.
1223 2835 1333 2922 atque
1359 2825 1419 2898 ille
1447 2828 1597 2923 quidem

469 2956 529 3020 tot
555 2971 673 3018 nouas
699 2946 874 3020 lectiones
901 2971 949 3019 ex
976 2947 1099 3019 codice
1119 2947 1183 3020 diu
1203 2945 1409 3018 desiderato
1427 2946 1597 3042 protulit,

428 3157 432 3164 ᾖ
469 3078 513 3139 ut
546 3067 682 3157 editio,
721 3091 818 3166 quae
857 3069 934 3141 eius
968 3092 1058 3140 cura
1084 3092 1115 3138 a.
1151 3067 1247 3139 1856
1276 3064 1422 3161 Lipsiae
1448 3063 1597 3161 prodiit,

470 3213 541 3284 pro
568 3212 659 3260 uera
674 3188 842 3286 principe
859 3188 973 3261 libelli
989 3185 1160 3260 habenda
1178 3186 1236 3258 sit.
1263 3183 1329 3257 sed
1355 3184 1492 3256 infelici
1510 3207 1598 3256 casu

470 3307 681 3404 complures
710 3307 847 3380 codicis
865 3305 1022 3381 Palatini
1049 3308 1198 3380 chartae
1215 3315 1292 3375 tam
1312 3302 1407 3375 male
1434 3303 1597 3377 adiectae

470 3436 579 3518 sunt,
612 3426 771 3524 utquid
806 3428 986 3525 scriptum
1014 3427 1064 3498 sit
1097 3426 1164 3496 uix
1190 3448 1239 3495 ex
1276 3422 1430 3519 siugulis
1465 3423 1597 3496 litteris

470 3545 631 3620 diuinari
655 3547 783 3645 possit.
829 3547 936 3619 etiam
963 3545 1068 3644 peius
1096 3545 1157 3615 alii
1188 3544 1260 3616 loci
1287 3568 1326 3615 se
1353 3543 1514 3633 habent,
1558 3545 1598 3616 in
1664 3619 1665 3622 ,

359 3691 363 3696 ·
471 3666 609 3762 quibus
652 3675 776 3739 uetere
816 3667 1001 3763 scriptura
1041 3687 1198 3762 prorsus
1238 3663 1401 3736 extincta
1434 3689 1457 3736 a
1482 3688 1597 3736 manu

468 3786 674 3859 recentiore
688 3810 790 3858 noua
807 3809 925 3883 eaque
933 3784 1072 3882 partim
1090 3783 1208 3855 aliena
1224 3783 1488 3882 superinducta
1497 3793 1597 3856 sunt.

467 3904 504 3975 in
534 3905 676 4002 aliquot
703 3902 883 3977 eiusmodi
911 3904 1027 3992 locis,
1072 3927 1235 4001 quorum
1271 3905 1473 4003 scripturas
1509 3928 1597 3976 ase

470 4023 656 4122 dispectus
689 4023 897 4097 Bursianus
936 4023 1016 4120 ipse
1048 4024 1207 4096 incertas
1242 4049 1321 4098 esse
1353 4024 1596 4114 indicauerat,

469 4168 527 4215 me
553 4152 701 4240 petente
727 4144 967 4239 Augustus
994 4140 1245 4218 Wilmanns
1279 4145 1443 4217 codicem
1472 4144 1596 4217 denuo

469 4263 650 4361 inspexit:
679 4287 727 4334 ex
753 4263 858 4334 cuius
884 4261 1126 4336 relationibus
1154 4289 1238 4337 cum
1264 4265 1334 4338 hoc
1361 4264 1595 4355 constitisset,

470 4407 605 4480 operae
632 4379 795 4479 pretium
821 4380 953 4472 uideri,
986 4392 1029 4454 ut
1061 4392 1164 4456 totus
1192 4383 1309 4457 codex
1335 4385 1471 4477 iterum
1497 4383 1595 4480 lege·

469 4510 592 4592 retur,
633 4501 810 4574 mandatu
843 4501 1053 4576 academiae
1080 4501 1380 4577 Vindobonensis
1413 4501 1523 4598 Aug.
1551 4497 1596 4574 Ο.
1712 4541 1715 4547 =

469 4617 534 4694 Fr.
562 4620 752 4714 Lorenz,
789 4622 896 4695 cuius
925 4624 1108 4696 enarratio
1135 4622 1382 4696 Mostellariae
1404 4619 1596 4694 Plautinae
