4050 5559
568 676 609 740 98
966 674 1109 729 Firmici
1126 675 1273 730 Materni

566 848 640 914 gens
655 828 814 892 hominum
829 830 860 894 et
875 831 991 895 crudeli
1006 830 1097 912 atque
1112 831 1279 897 inhumana
1290 850 1408 914 semper
1422 832 1585 897 atrocitate
1598 849 1682 916 gras·

567 934 634 998 sata
649 933 681 997 in
696 932 915 997 constituendis
930 934 1130 1017 religionibus
1145 935 1264 1000 rectum
1279 935 1398 1016 aliquid
1412 935 1515 1018 potuit
1525 935 1683 999 inuenire?

538 1035 766 1100 ssimulacrum
780 1035 836 1099 hoo
851 1035 990 1100 Troianis
1005 1035 1118 1101 Abaris
1134 1037 1273 1102 uendidit
1287 1038 1393 1102 stultis
1414 1037 1591 1103 hominibus
1605 1056 1683 1102 uana

454 1139 755 1220 roauapromittens.
779 1138 968 1203 uendebatur
982 1140 1056 1203 deus
1076 1140 1080 1221 Ι
1100 1140 1135 1202 ut
1157 1141 1315 1222 prodesset
1336 1140 1483 1223 emptori,
1514 1140 1545 1205 et
1565 1141 1683 1221 emptor

565 1241 743 1324 suppliciter
758 1240 903 1305 adorabat
929 1241 1074 1323 quioquid
1098 1242 1188 1324 paulo
1215 1244 1286 1307 ante
1311 1243 1432 1307 uiderat
1457 1242 1681 1308 subhastatum.
1701 1267 1711 1307 r

565 1344 738 1409 substantia
752 1345 856 1409 autem
871 1344 1030 1409 simulacri
1043 1344 1140 1428 ipsius
1156 1364 1192 1409 ex
1213 1345 1332 1410 ossibus
1353 1345 1477 1428 Pelopis
1498 1345 1553 1409 est.
1576 1345 1604 1408 si
1625 1344 1683 1408 hn-

566 1466 658 1511 mana
673 1447 736 1524 uic,
758 1446 871 1525 Abari,
887 1447 1013 1511 miseros
1027 1446 1166 1512 homines
1181 1465 1249 1511 ossa
1262 1449 1415 1526 uenerari,
1430 1448 1561 1530 purioris
1577 1447 1683 1512 saltim

565 1550 597 1614 et
612 1550 751 1616 castioris
766 1550 899 1614 hominis
914 1551 1061 1632 reliquias
1076 1550 1202 1634 collige:
1225 1551 1350 1616 accedat
1364 1550 1445 1616 idolo
1462 1550 1542 1632 quod
1556 1550 1633 1615 facis
1648 1569 1683 1614 ex

565 1652 698 1719 hominis
713 1653 883 1718 uirtutibus
898 1654 1053 1718 meritum.
1077 1653 1189 1735 Pelops
1209 1653 1241 1717 in
1262 1653 1383 1719 deliciis
1396 1653 1547 1717 ¹amatoris
1570 1653 1633 1718 fnit
1652 1654 1683 1718 et

564 1756 618 1821 diu
632 1756 792 1840 prostituti
813 1756 937 1839 pudoris
958 1757 1071 1821 damna
1091 1756 1248 1821 sustinuit.
1272 1757 1325 1821 sed
1347 1774 1402 1821 nec
1421 1756 1526 1820 adulto
1542 1756 1570 1820 ei
1585 1756 1712 1821 seclusa

566 1859 681 1924 defuit:
704 1878 775 1923 eum
795 1859 881 1923 cuius
903 1858 1002 1923 filiam
1022 1859 1148 1942 petebat
1162 1859 1269 1924 frande
1283 1859 1448 1942 proditoris
1463 1858 1591 1936 occidit,
1614 1877 1684 1941 pro·

565 1962 697 2027 ditorem
711 1962 805 2026 etiam
819 1962 921 2043 ipsum
934 1961 1078 2044 periuriis
1092 1961 1254 2044 adgressus
1269 1962 1316 2026 est
1335 1963 1366 2026 et
1386 1981 1423 2026 ne
1442 1961 1595 2043 promissa
1615 1961 1684 2027 red·

565 2064 651 2130 deret
664 2064 816 2147 praemia,
838 2063 920 2128 hunc
934 2064 1064 2129 eundem
1078 2083 1132 2146 per
1147 2064 1277 2146 abrupta
1290 2064 1471 2148 praecipitia
1484 2064 1623 2128 iactauit.
1647 2083 1684 2129 en

566 2168 652 2233 cuius
667 2167 762 2233 electa
776 2169 848 2232 sunt
863 2185 931 2231 ossa
945 2168 981 2231 ut
995 2168 1070 2232 deus
1084 2166 1171 2232 fieret
1186 2168 1239 2249 qui
1259 2167 1350 2232 urbes
1371 2167 1402 2232 et
1421 2185 1516 2250 regna
1536 2167 1681 2231 seruaret.

536 2269 618 2338 3sed
643 2288 699 2334 nec
724 2270 861 2335 seruauit
885 2269 1048 2351 aliquando
1075 2287 1131 2334 nec
1153 2269 1270 2353 profuit
1295 2271 1326 2334 et
1352 2269 1426 2350 quid
1452 2286 1485 2332 se
1509 2269 1635 2334 maneat
1648 2287 1711 2335 ens

565 2372 689 2436 urbium
703 2372 737 2436 in
751 2372 862 2454 quibus
877 2372 939 2437 fuit
954 2372 1074 2437 casibus
1089 2372 1188 2437 uidit:
1211 2373 1335 2438 incensa
1350 2372 1397 2437 est
1412 2371 1503 2435 Troia
1516 2390 1535 2436 a
1550 2370 1684 2450 Graecis,

565 2493 584 2538 a
597 2473 697 2540 Gallis
711 2475 809 2540 Roma
824 2475 855 2541 et
870 2495 906 2540 ex
920 2476 1049 2557 utroque
1062 2476 1203 2540 incendio
1223 2475 1401 2540 Palladium
1421 2475 1613 2539 reseruatum
1628 2474 1684 2552 est,

565 2578 618 2643 sed
644 2579 834 2643 reseruatum
859 2597 919 2643 non
938 2578 1070 2662 propriis
1090 2578 1274 2656 uirtutibus,
1298 2577 1350 2641 sed
1364 2577 1498 2642 humano
1513 2576 1683 2659 praesidio:

565 2681 604 2747 ab
630 2682 758 2762 utroque
783 2681 865 2745 enim
891 2682 956 2744 loco
982 2680 1121 2745 homines
1141 2681 1311 2746 liberarunt
1331 2681 1362 2745 et
1382 2679 1569 2745 translatum
1585 2680 1684 2744 estne

564 2783 698 2848 humano
712 2782 857 2866 flagraret
871 2782 1025 2848 incendio:
1047 2785 1134 2848 tanto
1155 2783 1274 2848 numini
1294 2782 1430 2847 humana
1451 2781 1576 2846 fuerunt
1596 2799 1712 2863 prae-eo

565 2886 645 2951 sidia
659 2885 828 2951 necessaria
842 2885 875 2948 ct
887 2904 925 2949 ne
940 2886 1060 2950 arderet
1073 2885 1243 2950 humanum
1259 2886 1411 2967 quaesiuit
1427 2883 1585 2948 auxilium.
1603 2883 1683 2948 dila·

564 2989 634 3052 tum
660 2988 707 3053 est
731 2987 909 3052 Palladium
930 2987 968 3051 ab
989 2988 1143 3066 incendio,
1166 3006 1226 3052 non
1239 2988 1421 3052 liberatum:
1445 2988 1508 3051 stat
1523 2987 1682 3064 sententia,

443 3105 447 3110 ·
568 3092 673 3155 manet
687 3108 791 3172 poena,
815 3091 896 3174 ignis
911 3091 1063 3169 imminet,
1086 3091 1168 3174 ignis
1183 3092 1304 3175 urguet,
1321 3109 1412 3172 quem
1426 3090 1527 3154 uitare
1547 3107 1609 3154 non
1630 3107 1684 3172 po·

534 3193 735 3258 clariciam
760 3194 896 3275 parturit
921 3193 1047 3257 flamma
1072 3194 1230 3271 caelestis,
1253 3193 1317 3257 iam
1342 3193 1465 3258 diuinae
1490 3193 1685 3257 animaduer-

564 3296 660 3362 sionis
675 3297 864 3361 monstratur
879 3297 1039 3373 aduentus,
1056 3297 1119 3360 iam
1130 3296 1251 3360 futurae
1263 3296 1357 3360 cladis
1369 3295 1529 3360 nuntiatur
1540 3295 1683 3359 exitium:
1692 3317 1712 3358 a

562 3400 596 3464 in
620 3401 677 3466 hoc
701 3399 839 3465 incendio
864 3399 1042 3464 Palladium
1066 3399 1200 3463 latebras
1219 3398 1356 3462 inuenire
1375 3416 1435 3462 non
1449 3398 1578 3480 poterit:
1601 3397 1684 3482 ignis

452 3519 499 3562 1201.
507 3521 553 3562 ra.
563 3503 622 3568 iste
638 3504 793 3567 scrutatur
808 3502 928 3578 abdita,
952 3501 1072 3583 quaerit
1086 3501 1232 3565 absconsa
1251 3502 1255 3584 Ι
1275 3502 1306 3565 et
1321 3500 1466 3583 quioquid
1481 3501 1617 3565 errantes
1629 3500 1685 3563 ho·

562 3605 662 3670 mines
682 3605 771 3669 uanis
791 3605 1038 3686 persuasionibus
1059 3602 1204 3685 perdidit,
1225 3603 1333 3686 rapida
1346 3603 1542 3667 flammarum
1556 3603 1685 3686 popula·

562 3708 644 3772 tione
659 3707 881 3788 complectitur.
914 3699 1034 3771 ‘uenit
1056 3694 1181 3784 enim',
1214 3706 1330 3787 inquit,
1353 3698 1450 3770 ‘dies
1472 3705 1619 3770 domini
1641 3708 1686 3771 nt

562 3810 696 3873 ardens
718 3798 921 3873 clibanus'.
945 3808 1059 3873 audisti
1085 3809 1159 3890 quid
1180 3809 1301 3873 ueniat:
1323 3808 1404 3872 nihil
1425 3809 1473 3872 est
1495 3810 1575 3889 quod
1598 3829 1635 3874 ex
1655 3810 1714 3874 teo

563 3912 725 3977 collectum
736 3912 769 3975 in
781 3911 934 3993 apothecis
950 3911 1111 3976 dominicis
1125 3912 1230 3992 reponi
1244 3912 1358 3994 possit:
1374 3910 1495 3975 ardebis
1510 3913 1547 3976 ut
1561 3912 1685 3994 stipula,

562 4015 649 4079 cuius
669 4014 769 4078 inanis
795 4014 901 4079 uilitas
922 4015 955 4079 in
981 4015 1096 4079 cineres
1122 4013 1307 4096 fauillasqne
1327 4014 1485 4092 seruatur,
1514 4033 1574 4095 qua
1594 4032 1685 4096 rapax

663 4217 699 4273 29
717 4218 831 4271 Malach.
844 4218 871 4281 4,
886 4218 902 4274 1
916 4219 953 4286 (3,
968 4218 1025 4288 19).

613 4387 776 4441 lhominum
792 4389 912 4443 Woeoero
932 4389 1021 4457 plesse
1041 4387 1188 4441 uidebatur
1256 4389 1409 4444 Pinneniri
1430 4389 1457 4442 P
1520 4387 1633 4443 7auari
1650 4387 1687 4451 Ρ,

561 4488 609 4525 om.
633 4490 651 4525 c
714 4473 750 4529 11
770 4491 830 4527 eum
851 4475 891 4528 P:
916 4473 940 4526 is
961 4473 1032 4527 enim
1053 4491 1071 4526 c
1096 4475 1108 4541 Η
1127 4473 1330 4527 Δθιιιηΐτειιιᾱοοι
1384 4474 1420 4529 12
1438 4473 1564 4544 periuriis
1581 4491 1613 4527 c:
1630 4489 1687 4542 per-

559 4557 634 4611 iurus
653 4560 680 4612 P
748 4559 784 4615 19
803 4559 922 4612 liberant
940 4561 997 4622 Pa,
1017 4576 1064 4613 em.
1077 4559 1204 4614 Boreios
1256 4559 1293 4616 23
1311 4562 1420 4628 urgete
1476 4559 1515 4615 30
1532 4558 1690 4614 clinanusP

571 4645 583 4711 ΙΙ
599 4643 699 4697 audisti
711 4644 776 4713 quid
788 4645 882 4698 ueniat
895 4646 922 4698 P
937 4645 978 4698 bis
989 4646 1069 4699 babet
1121 4645 1159 4701 32
1172 4660 1225 4713 qua
1237 4661 1302 4698 cos:
1321 4660 1371 4713 quo
1381 4646 1415 4710 P,
1430 4660 1511 4713 quam
1523 4662 1542 4698 a
