4050 5559
482 2415 600 2510 Aurei
636 2432 765 2524 libelli,
809 2433 871 2531 qui
907 2431 1118 2533 inscribitur
1156 2430 1402 2523 Octauius,
1448 2460 1559 2507 unum

432 2555 637 2654 exemplum
661 2555 706 2626 ad
728 2564 880 2627 aetatem
903 2565 1064 2660 nostram
1095 2552 1277 2650 peruenit,
1311 2553 1409 2649 quod
1441 2565 1561 2627 exstat

431 2674 469 2745 in
494 2674 616 2747 codice
639 2673 805 2747 Parisino
827 2699 862 2745 n.
889 2675 999 2762 1661,
1030 2669 1184 2743 Arnobii
1208 2681 1345 2770 septem
1368 2671 1469 2745 libris
1498 2674 1560 2745 ad-

434 2819 560 2867 uersus
582 2793 747 2866 nationes
770 2794 962 2865 adnexum.
997 2791 1182 2863 inuenitur
1203 2790 1262 2864 ille
1285 2791 1429 2888 quidem
1453 2792 1561 2865 etiam

432 2912 470 2985 in
494 2913 616 2986 codice
633 2913 879 3003 Bruxellensi,
904 2912 968 2985 sed
989 2911 1086 2984 hunc
1109 2911 1354 3010 apographum
1375 2911 1560 2985 essePari-

433 3032 503 3106 sini
539 3034 678 3105 dudum
710 3032 753 3104 ab
788 3031 997 3105 hominibus
1034 3030 1201 3104 litteratis
1236 3031 1459 3104 intellectum
1495 3042 1559 3105 est.

432 3151 629 3226 editionem
652 3162 771 3226 autem
802 3152 1021 3250 principem,
1054 3176 1144 3248 quae
1174 3150 1347 3224 Fausto
1385 3150 1560 3224 Sabaeo

431 3271 654 3344 Brixiano
678 3282 826 3345 curante
852 3271 989 3345 Rornae
1016 3297 1045 3343 a.
1068 3273 1164 3344 1543
1188 3270 1342 3368 prodiit,
1372 3296 1419 3343 ex
1438 3269 1561 3343 codice

432 3389 595 3464 Parisino
614 3392 765 3465 fluxisse
787 3417 833 3464 ex
855 3391 943 3490 ipsis
962 3391 1039 3464 eius
1053 3389 1267 3464 lectionibus
1286 3388 1374 3462 satis
1394 3401 1558 3488 apparett

432 3511 476 3583 de
491 3537 561 3608 qua
574 3537 613 3583 re
625 3510 796 3608 quoniam
804 3511 983 3584 dubitatio
994 3510 1146 3584 subnata
1155 3522 1220 3599 est,
1239 3523 1381 3608 praeter
1390 3510 1561 3583 lectiones

431 3628 587 3702 Parisini
610 3631 806 3728 scripturas
831 3656 975 3728 quoque
998 3629 1167 3703 editionis
1190 3628 1362 3729 principis
1393 3629 1429 3703 in
1460 3657 1557 3703 com-

430 3749 654 3849 mentarium
666 3750 830 3823 criticum
846 3750 1068 3849 recipiendas
1083 3749 1382 3841 existimauimus,
1400 3776 1561 3849 praeser-

429 3869 496 3942 tim
520 3894 602 3942 cum
625 3870 692 3942 hae
714 3869 812 3969 ipsae
842 3895 923 3942 cum
946 3869 1162 3943 lectionibus
1193 3869 1269 3943 siue
1297 3869 1418 3969 potius
1442 3896 1562 3943 emen-

431 3988 639 4062 dationibus
662 3988 823 4075 Fuluii
841 3988 1020 4080 Vrsini,
1051 3991 1112 4087 qui
1145 3991 1338 4064 secundam
1367 3991 1562 4064 editionem

430 4109 631 4183 Romanam
654 4136 685 4183 a.
707 4112 804 4182 1583
825 4111 976 4201 curauit,
1000 4135 1105 4208 saepe
1127 4111 1297 4183 confusae
1321 4109 1403 4184 sint.
1428 4111 1561 4184 codicis

430 4238 550 4301 autem
573 4227 729 4301 Parisini
751 4228 924 4303 lectiones
952 4230 988 4302 in
1013 4255 1118 4303 usum
1151 4241 1317 4304 nostrum
1340 4229 1471 4304 iterum
1496 4258 1562 4305 ex·

431 4348 575 4446 scripsit
611 4349 819 4422 Andreas
849 4349 1150 4442 Lachmann,
1201 4350 1335 4426 sodalis
1379 4352 1561 4450 quondam

431 4467 613 4540 seminarii
635 4467 845 4566 philologici
854 4469 1093 4561 Monacensis,
1117 4471 1179 4571 qui
1201 4482 1301 4545 tanta
1319 4472 1506 4571 diligentia
1524 4473 1562 4546 in

431 4614 497 4661 suo
521 4586 669 4684 negotio
693 4598 859 4662 uersatus
882 4601 949 4680 est,
972 4602 1014 4662 ut
1037 4592 1081 4665 de
1103 4592 1203 4666 nullo
1221 4592 1291 4666 iam
1309 4591 1389 4666 loco
1404 4592 1564 4666 dubitari
