4050 5559
561 515 602 576 82
966 510 1107 565 Firmioi
1128 510 1275 564 Materni

560 666 637 731 enda
653 667 839 732 commenta!
856 666 948 730 doum
960 685 1025 731 esso
1041 667 1152 745 credis,
1175 667 1261 731 cuius
1277 666 1315 731 de
1330 666 1496 739 sceleribus
1519 666 1684 731 confiteris.

560 788 615 833 uos
629 770 736 851 itaque
751 769 804 851 qui
826 769 929 834 dicitis
944 770 977 833 in
996 770 1045 833 his
1072 770 1197 852 templis
1217 770 1277 835 rito
1292 807 1326 837 a«
1340 769 1504 853 Magorum
1525 770 1588 834 ritu
1611 769 1686 833 Per-

560 874 642 950 sico,
659 891 713 937 eur
732 873 806 937 haee
830 873 996 937 Persarum
1018 873 1083 938 sola
1096 874 1253 938 nudatis?
1279 873 1306 936 si
1332 873 1388 936 hoc
1402 873 1541 938 Romano
1562 872 1687 937 nomine

559 975 689 1060 dignum
699 976 826 1057 putatis,
841 977 878 1040 ut
885 976 1050 1041 Persarum
1062 977 1167 1054 sacris,
1181 975 1389 1041 utPersarum
1399 976 1520 1059 legibus
1530 975 1687 1042 seruiatcc

441 1110 496 1154 ru.
508 1111 543 1153 ac
560 1098 679 1161 „quae
700 1080 824 1144 armata
845 1079 941 1159 clipeo
962 1080 1063 1144 lorica
1079 1084 1157 1144 tecta
1180 1080 1300 1162 [plodio
1315 1084 1343 1143 et
1357 1079 1464 1163 iacta]
1481 1079 1683 1144 consecratur.
1711 1103 1724 1140 a

558 1183 652 1247 tertia
672 1183 767 1247 etiam
784 1202 866 1263 pars
887 1187 930 1247 esi
949 1202 1029 1262 qaae
1043 1183 1076 1246 in
1091 1183 1206 1265 asperis
1221 1183 1405 1265 secretisque
1419 1182 1579 1246 citnaram
1594 1199 1687 1264 apro·

558 1306 631 1350 ram
645 1285 783 1350 foraram
797 1285 970 1350 societatem
986 1285 1223 1367 comprehendit.

610 1388 731 1454 Vltima
745 1408 816 1472 pars
844 1389 1018 1471 tripertitae
1038 1389 1129 1453 istius
1157 1388 1329 1453 diuisioais
1345 1388 1491 1452 aestimat
1515 1388 1687 1452 lididiaam

530 1492 632 1555 3aias
652 1511 729 1574 quae
743 1511 840 1574 praua
861 1492 1019 1557 desideria
1036 1511 1172 1575 quaeque
1195 1511 1316 1573 sopores
1330 1491 1513 1573 cupiditatis
1533 1492 1686 1557 monstrat

559 1596 593 1659 in
608 1595 752 1661 tercebris.
769 1596 837 1660 ideo
851 1616 951 1659 arcam
957 1599 1083 1676 partem
1093 1596 1190 1678 capiti
1205 1594 1369 1678 adsignant
1384 1596 1420 1658 ut
1434 1594 1573 1658 homimis
1585 1593 1720 1658 atiam1⁰

560 1698 781 1779 quodammodo
796 1699 883 1763 remis
897 1718 960 1763 esse
974 1698 1134 1763 uideatur.
1162 1698 1256 1763 aliam
1278 1698 1316 1761 ira
1331 1697 1420 1762 carde
1435 1701 1563 1778 ponant
1584 1698 1621 1762 ut
1635 1697 1684 1761 di·

557 1820 717 1866 uersarum
724 1801 949 1886 cogitationum
960 1802 1140 1866 narietedem
1153 1821 1229 1882 qaas
1241 1800 1411 1883 multiplici
1425 1800 1598 1866 coactione
1612 1818 1687 1864 eoa-

607 1988 625 2040 2
642 1987 695 2040 rite
708 1988 741 2051 P,
760 1987 813 2041 rite
825 1986 969 2041 sacrificari
981 2005 1011 2052 a,
1022 1987 1074 2041 rite
1088 2004 1162 2042 sacra
1175 1989 1233 2042 fieri
1244 1989 1300 2042 ritu
1310 1987 1437 2041 Bmsiaa
1444 2006 1452 2050 ;
1461 2004 1500 2041 aa
1512 1987 1618 2054 sufficit
1629 1985 1686 2039 fieri

554 2078 618 2141 post
629 2072 682 2126 rite
694 2073 843 2141 supplere?
895 2073 913 2130 3
932 2075 988 2127 sola
997 2076 1036 2127 P:
1056 2091 1161 2128 sacrae
1182 2077 1194 2142 ΙΙ
1215 2073 1274 2128 Scio
1286 2074 1365 2128 hoca
1417 2073 1685 2130 caeercituum

560 2159 619 2212 cris.
638 2159 675 2212 At
695 2159 837 2213 Persarum
859 2177 877 2213 a
898 2163 910 2229 ΙΙ
930 2161 1032 2214 seruiat
1053 2163 1093 2230 P,
1111 2167 1143 2214 at
1164 2163 1230 2231 legit
1246 2162 1356 2215 Loreaz
1369 2162 1401 2214 irc
1413 2161 1470 2214 loco
1482 2159 1630 2214 admodum
1642 2159 1685 2213 ob·

559 2251 686 2299 scaraio:
705 2249 832 2314 sequatur
843 2264 875 2315 a,
894 2248 969 2301 made
981 2254 1132 2302 correctam
1144 2254 1183 2301 est
1194 2248 1369 2316 obsequatur3
1390 2247 1490 2301 decant
1502 2245 1603 2300 deiude
1615 2246 1648 2299 ia
1661 2245 1687 2298 P

558 2331 613 2385 dac
625 2332 710 2400 folia;
728 2351 754 2386 a.
774 2334 811 2387 ad
824 2351 890 2403 pag.
906 2337 940 2388 75
1018 2335 1036 2392 5
1055 2335 1133 2403 qnae]
1155 2334 1188 2388 de
1196 2336 1292 2402 prime
1300 2335 1410 2403 papiria
1422 2333 1485 2400 folii
1496 2335 1528 2400 5,
1547 2348 1618 2400 qaae
1631 2347 1685 2385 om·

558 2419 637 2472 aiam
649 2418 814 2485 difficillima
825 2421 898 2476 lecta
909 2427 960 2485 est,
978 2423 1045 2476 haec
1058 2422 1135 2474 uobis
1146 2422 1257 2489 scripsit
1274 2421 1447 2474 Wilmarms:
1469 2418 1531 2472 ‘Die
1546 2420 1610 2473 seir
1626 2433 1685 2472 aer·

557 2505 646 2558 aelrrte
658 2506 719 2559 aad
731 2507 904 2576 adpesclaabte
914 2508 1015 2574 schrift
1032 2524 1084 2574 aas
1104 2507 1193 2560 dieser
1212 2507 1278 2560 scite
1294 2508 1331 2560 ist
1348 2520 1535 2575 compressere
1552 2505 1619 2559 racd
1635 2519 1687 2558 corr

558 2591 635 2644 einer
654 2592 805 2647 modernam
826 2593 903 2648 harad
924 2594 971 2648 des
1000 2593 1064 2647 XV.
1082 2591 1287 2661 jalariaaderts
1303 2593 1493 2661 aactpemgea
1509 2589 1570 2644 aad
1591 2605 1623 2643 so
1638 2589 1688 2643 das

558 2677 614 2730 alte
634 2677 752 2753 oielfacia
771 2681 898 2749 pictatiola
917 2680 1091 2734 amicaretur.
1124 2679 1191 2733 Was
1203 2678 1279 2733 reicit
1300 2679 1489 2747 auctpeeogea
1509 2677 1559 2744 ist,
1582 2675 1687 2730 marte

558 2764 641 2816 schoa
652 2780 715 2816 eam
726 2765 792 2818 tieii
804 2764 854 2817 der
865 2766 1027 2819 macieielcer
1040 2766 1116 2819 reiciat
1127 2766 1202 2819 metr
1214 2765 1293 2818 lesere.
1322 2764 1373 2817 Iclc
1385 2763 1452 2817 habe
1464 2764 1522 2830 auf
1529 2762 1579 2816 der
1590 2762 1685 2828 deisol-

557 2849 667 2917 peridem
678 2850 808 2903 cellatica
820 2850 886 2903 alles
898 2851 1102 2919 machpceopeac
1111 2851 1316 2904 materstricteri
1325 2849 1386 2902 aad
1399 2849 1444 2902 die
1454 2849 1596 2902 eiaeeiraerc
1604 2854 1687 2901 ariter

525 2945 529 2953 ¹
558 2936 624 2989 oder
643 2935 730 2989 richeri
755 2937 846 2989 seimer
874 2936 951 2989 leand
972 2938 1128 2991 sichtbarerr
1149 2938 1313 2991 baclastaberc
1334 2936 1384 2989 der
1405 2936 1481 2989 attera
1501 2933 1579 2988 harad
1601 2933 1688 2987 dareta

558 3021 791 3089 darddergesetetc
808 3022 975 3076 baclastadea
995 3021 1164 3077 coracinet?
1191 3023 1250 3076 Nos
1270 3023 1302 3076 ia
1323 3023 1379 3076 loco
1398 3021 1564 3075 coaciamato
1585 3020 1687 3087 ommia,

558 3123 628 3175 qaae
648 3123 666 3160 a
686 3123 772 3160 marra
793 3109 943 3161 recentiore
963 3116 1098 3163 renouata
1114 3116 1165 3163 aat
1177 3110 1264 3177 picae
1277 3115 1383 3162 aoaam
1394 3113 1474 3175 sarit,
1493 3106 1594 3160 litteris
1606 3105 1687 3160 iacti·

559 3195 635 3248 matis
654 3194 835 3262 exprimenda
855 3195 1016 3248 caraaimas
1035 3195 1047 3262 l}
1068 3196 1144 3263 quae]
1165 3197 1197 3248 ut
1217 3212 1236 3249 a
1255 3196 1267 3262 Η
1288 3193 1507 3262 tectal‘thoracae
1524 3208 1542 3244 a
1562 3192 1574 3259 11
1595 3190 1686 3259 gladio

558 3281 586 3334 et
597 3280 685 3348 hasta]
703 3282 769 3334 iaec
781 3282 873 3349 inepte
883 3282 1025 3348 suppleuit
1037 3281 1076 3334 ed.
1086 3283 1233 3349 priacep3;
1252 3286 1282 3334 at
1294 3280 1413 3349 uestigia
1421 3278 1522 3332 ueteris
1532 3277 1689 3344 scripturae

559 3367 638 3421 atiud
650 3367 782 3435 scriptam
794 3368 881 3433 faisse
893 3366 1053 3434 declararem
1067 3373 1130 3434 post
1142 3368 1215 3420 tecta
1227 3366 1336 3420 Loreaa
1355 3365 1407 3418 sati
1423 3365 1501 3417 uisas
1521 3367 1559 3416 est
1580 3363 1687 3416 litteras

557 3454 648 3506 ...eis
665 3453 791 3522 (ocreisll
810 3454 954 3521 dispicere,
973 3458 1005 3505 at
1026 3453 1156 3506 dirimere
1173 3452 1262 3519 possis
1282 3450 1366 3504 ocreis
1388 3449 1534 3510 succincta3
1553 3454 1688 3501 extremae

559 3546 651 3594 tamea
678 3541 785 3593 litterae
805 3547 871 3594 arcte
891 3541 1059 3593 consecratur
1085 3537 1220 3592 uideatur
1240 3540 1267 3591 te
1291 3538 1378 3604 faisse
1449 3536 1466 3591 6
1485 3534 1579 3603 tertia]
1601 3533 1688 3587 altera

561 3627 630 3678 coeci.
656 3626 783 3678 Bursian
807 3626 905 3693 (acrba
928 3624 1011 3678 tertia
1035 3624 1117 3677 etiam
1140 3639 1201 3692 pars
1225 3629 1305 3676 aetas
1330 3639 1435 3691 qaoque
1452 3637 1551 3676 marias
1574 3620 1688 3674 raidetwr

559 3711 699 3777 tabuisse)
720 3712 926 3779 nigrorumque
947 3711 987 3764 ed.
1010 3710 1093 3765 Burs.
1116 3711 1181 3776 fort.
1202 3709 1349 3778 agrestium
1416 3706 1607 3763 isocraticam
1620 3720 1689 3759 com·

558 3794 701 3863 prehendit
720 3813 820 3849 mamas
845 3813 897 3850 rec.
919 3798 955 3851 iis
967 3796 1062 3850 deictis
1073 3811 1144 3864 qaae
1156 3812 1174 3847 a
1185 3812 1271 3849 marca
1282 3800 1374 3848 metere
1385 3794 1490 3861 scripta
1508 3797 1588 3845 eraat
1600 3792 1689 3860 (agre-

560 3880 694 3948 stiumque
711 3881 827 3937 ferarum
845 3882 942 3935 sortita
958 3882 1100 3951 imperium
1116 3882 1145 3951 a)
1209 3880 1228 3935 8
1246 3880 1390 3934 libidinum
1408 3879 1467 3931 uias
1484 3883 1564 3932 aetas
1583 3891 1689 3945 qaoque

556 3983 592 4020 m.
614 3965 727 4019 aidetm
750 3968 876 4021 habuisse
953 3968 971 4025 9
990 3968 1067 4036 quae]
1089 3983 1139 4035 que
1160 3967 1188 4020 P
1209 3968 1221 4034 Η
1244 3981 1362 4034 quaeque
1383 3965 1566 4034 praeposterae
1587 3959 1688 4030 cupidi·

560 4051 628 4104 tatis
640 4054 790 4106 monstrant
801 4054 948 4107 illecebras.
967 4053 1031 4107 ldeo
1043 4070 1061 4107 a
1128 4052 1167 4108 10
1184 4052 1276 4120 capiti]
1293 4069 1327 4106 m.
1346 4067 1397 4105 ree.
1412 4055 1478 4104 arcte
1489 4050 1538 4103 lcoc
1549 4049 1642 4102 meat.
1656 4047 1688 4100 iri

562 4154 648 4206 marg.
662 4139 772 4192 addidit
784 4141 872 4209 sopori
884 4139 992 4208 (capitis
1013 4140 1042 4209 a)
1065 4140 1076 4206 ΙΙ
1100 4138 1182 4191 aliam
1194 4143 1219 4190 et
1230 4137 1301 4190 renis
1319 4153 1375 4190 esse
1391 4153 1424 4189 m.
1444 4151 1495 4189 rec.
1511 4133 1628 4188 cetastis
1640 4133 1687 4186 lit·
1724 4177 1727 4181 .

564 4224 631 4277 teris
639 4224 734 4278 deletis
743 4226 785 4293 (ut
794 4225 909 4279 hominis
921 4226 990 4277 iram
1002 4223 1192 4292 quodammodo
1201 4222 1325 4276 denotare
1334 4222 1458 4276 uideatur
1470 4221 1499 4290 a)
1535 4218 1571 4275 11
1584 4219 1687 4286 ponunt

557 4326 592 4362 m.
610 4325 662 4363 rec.
676 4311 800 4364 statuunt
811 4328 842 4375 a,
861 4312 940 4365 caius
951 4311 1030 4364 uerbi
1045 4310 1153 4364 maltam
1173 4309 1315 4378 uestigium
1326 4308 1358 4360 im
1371 4307 1427 4362 ced.
1441 4312 1480 4360 est
1502 4306 1514 4372 11
1538 4305 1569 4357 ut
1580 4303 1637 4372 (raet
1649 4302 1688 4372 at)

558 4395 696 4449 diuersarir
709 4398 769 4451 Pa:
786 4399 817 4450 ut
834 4396 927 4450 iecoris
945 4413 978 4451 m.
992 4411 1043 4450 rec.
1100 4395 1136 4451 12
1154 4394 1315 4463 concipimus
1328 4393 1358 4446 in
1368 4392 1474 4447 modum
1486 4397 1566 4446 aetas
1582 4403 1688 4458 qaoque

557 4498 659 4537 marcas
669 4489 702 4537 at
714 4482 828 4537 uidetur
