4050 5559
848 587 920 657 Cap.
940 588 1021 645 2-3.
1456 590 1496 654 79

374 747 422 811 hic
436 763 573 828 quoque,
588 742 790 810 sacratissimi
804 743 1020 826 imperatores,
1035 746 1072 810 ut
1086 761 1170 810 error
1184 745 1245 810 iste
1260 745 1386 824 celetur,
1402 744 1526 809 etiam2

374 849 445 914 baec
459 866 547 914 secra
560 846 688 931 physica
701 846 811 911 uolunt
826 865 891 913 esse
911 848 1030 913 ratione
1049 847 1232 930 composita:
1255 867 1363 912 amare
1383 847 1498 912 terram

374 950 480 1016 uolunt
495 950 616 1034 fruges,
638 949 731 1015 Attin
745 966 818 1015 uero
833 951 890 1016 hoc
905 950 1008 1034 ipsum
1025 949 1134 1016 uolunt
1149 968 1214 1016 esse
1244 951 1325 1032 quod
1340 970 1376 1016 ex
1398 949 1497 1034 frugi-

373 1055 429 1119 bus
442 1054 588 1132 nascitur‚
604 1071 734 1135 poenam
744 1056 851 1120 autem
863 1073 956 1137 quam
967 1054 1116 1119 sustinuit
1130 1053 1187 1117 hoe
1201 1053 1311 1118 uolunt
1326 1071 1400 1132 esse,
1417 1052 1498 1134 quod

356 1156 447 1227 sfalce
461 1174 578 1222 messor
592 1157 724 1222 maturis
738 1157 881 1242 frugibus
896 1157 990 1223 facit:
1013 1157 1145 1223 mortem
1159 1157 1257 1238 ipsius
1271 1156 1393 1234 dicunt,
1417 1154 1497 1238 quod

372 1260 487 1325 semina
509 1259 636 1325 collecta
658 1260 844 1339 conduntur,
883 1259 983 1324 uitam
1004 1276 1125 1336 rursus,
1163 1258 1244 1340 quod
1272 1258 1354 1323 iacta
1381 1258 1498 1322 semine

371 1363 479 1428 annuis
491 1361 644 1445 uicibus†
655 1363 868 1429 reconduntur.
885 1364 1000 1429 uellem
1011 1382 1093 1427 nunc
1104 1361 1183 1427 mihi
1194 1362 1361 1443 inquirenti
1373 1371 1525 1444 respon-3

371 1465 478 1544 deant,
502 1482 557 1530 cur
570 1465 649 1530 hane
664 1465 899 1548 simplieitatem
919 1466 1073 1530 seminum
1093 1483 1129 1531 ac
1148 1464 1276 1548 frugum
1296 1483 1366 1529 cum
1381 1463 1496 1542 funere,

372 1587 440 1633 cum
456 1568 571 1646 morte,
586 1586 657 1633 cum
672 1568 770 1647 fastu,
786 1587 857 1634 cnm
872 1585 982 1651 poena,
1004 1586 1075 1633 cum
1090 1587 1193 1634 amore
1208 1568 1400 1633 iuncxerint?
1414 1569 1497 1633 itane

345 1688 428 1741 onon
441 1675 506 1736 erat
521 1671 610 1736 aliud
625 1671 706 1753 quod
721 1671 898 1737 diceretur?
919 1672 1005 1737 itane
1030 1689 1090 1737 non
1117 1672 1183 1737 erat
1210 1671 1291 1754 quod
1315 1672 1348 1736 in
1369 1669 1497 1754 agendis

370 1773 433 1840 Deo
448 1790 570 1838 summo
581 1791 635 1855 pro
647 1773 790 1858 frugibus
799 1774 909 1858 gratiis
919 1773 1033 1840 faceret
1046 1774 1158 1839 misere
1169 1775 1365 1839 mortalitas?
1379 1774 1415 1838 ut
1425 1791 1497 1856 gra-

371 1875 430 1942 tias
444 1896 500 1961 pro
515 1878 631 1943 renatis
646 1877 789 1962 frugibus
804 1896 877 1962 agas
892 1877 1014 1957 ululas,
1030 1880 1066 1942 ut
1081 1877 1214 1961 gaudeas
1229 1877 1365 1961 plangis,
1385 1895 1441 1942 nee
1454 1877 1496 1954 te,

373 1996 441 2044 cum
455 1999 564 2047 ueram
579 1981 730 2046 rationem
743 1980 874 2059 uiduis,
889 1981 946 2045 hoc
960 1980 1123 2062 aliquando
1138 1981 1245 2045 fecisse
1259 1979 1426 2064 paenituit,
1443 1979 1497 2044 sed

373 2079 426 2147 hoc
440 2082 512 2166 ogis
526 2087 562 2148 ut
576 2084 685 2149 annuis
699 2083 837 2149 luctibus
852 2085 1018 2167 occupatus
1035 2083 1134 2147 uitem
1149 2101 1268 2167 semper
1282 2082 1394 2166 fugias,
1411 2100 1495 2147 mor-

347 2182 434 2250 utem
449 2186 596 2268 requiras.
620 2185 724 2251 dicant
743 2185 837 2251 milri:
860 2186 935 2268 quid
956 2185 1010 2250 boc
1028 2185 1175 2268 frugibus
1193 2185 1333 2268 profuit,
1356 2186 1392 2250 ut
1414 2184 1523 2250 fetus4
1600 2239 1603 2242 .

372 2305 441 2352 scos
454 2289 578 2353 abacis
592 2289 763 2354 ululatibus
778 2289 946 2377 sommant,
967 2292 1002 2352 ot
1022 2288 1116 2352 arcti
1135 2288 1250 2353 funeris
1266 2287 1495 2353 calamitatibus

371 2388 598 2474 ingemescant,
620 2391 702 2473 quod
725 2391 832 2456 dicuat
852 2391 979 2475 physica
998 2392 1116 2456 ratione
1136 2390 1363 2472 compositum?
1384 2389 1496 2473 lugetis

371 2496 396 2556 ct
404 2493 566 2578 plangitis
581 2496 611 2559 et
625 2495 728 2560 luctus
743 2499 861 2559 castres
875 2493 946 2560 alic
965 2482 1091 2558 rctioac‘
1106 2492 1222 2558 colotis,
1245 2492 1335 2557 uouit
1355 2491 1495 2575 agricola

370 2596 495 2676 quoodo
510 2601 628 2661 terrum
643 2601 751 2660 aratro
766 2597 938 2674 dirraccot,
960 2596 1050 2661 uouit
1063 2595 1190 2678 quoodo
1203 2594 1296 2660 sulcis
1316 2597 1320 2678 l
1340 2594 1495 2660 frumenta
1504 2611 1550 2656 rou
1560 2612 1593 2652 a.

344 2701 562 2779 committat,
578 2700 666 2765 nouit
681 2700 802 2782 quando
817 2700 986 2764 maturatas
1001 2699 1075 2764 solis
1090 2698 1250 2764 ardoribus
1264 2698 1393 2781 colligat
1408 2714 1494 2780 sege·

371 2801 425 2880 tes,
439 2803 530 2868 nouit
550 2803 671 2885 quando
685 2805 782 2868 tostas
796 2804 877 2867 terat
891 2802 1011 2886 fruges:
1027 2803 1101 2868 haec
1116 2803 1165 2867 est
1176 2802 1303 2885 physica
1315 2800 1405 2879 ratio,
1420 2799 1495 2865 haec

371 2906 440 2970 sunt
455 2924 530 2970 uera
544 2906 703 2985 sacrificia,
719 2925 797 2987 quae
810 2906 848 2970 ab
863 2924 953 2970 sanae
968 2906 1082 2971 mentis
1093 2905 1269 2972 hominibus
1282 2921 1380 2970 annuo
1391 2903 1494 2967 labore

371 3006 575 3091 complentur:
598 3008 677 3075 hanc
692 3009 925 3093 simplicitatem
940 3009 1089 3074 diuinitas
1104 3010 1233 3092 quaerit,
1254 3010 1290 3074 ut
1309 3009 1447 3074 homines
1462 3006 1495 3070 in

372 3110 550 3195 colligendis
573 3110 725 3177 fructibus
746 3112 894 3176 ordinatis
920 3112 1096 3197 temporum
1127 3112 1247 3196 legibus
1274 3111 1417 3175 senriant.
1441 3127 1495 3174 eur

345 3212 439 3280 uhuic
460 3213 563 3280 ordini
584 3216 713 3279 miserae
735 3215 843 3281 mortis
865 3214 1016 3299 figmenta
1039 3215 1178 3296 quaesita
1192 3214 1287 3277 sunt?
1310 3231 1364 3276 cur
1378 3211 1495 3276 celatur

370 3313 505 3382 lacrimis
528 3317 609 3399 quod
631 3318 724 3382 celari
745 3335 805 3383 non
828 3317 957 3383 debuit?
979 3318 1059 3382 unde
1081 3317 1281 3382 confiteantur
1301 3332 1423 3380 necesse
1446 3314 1493 3378 est

371 3417 440 3484 haec
455 3438 541 3485 sacra
554 3439 615 3485 non
629 3421 663 3485 in
677 3422 822 3487 honorem
837 3420 978 3507 frugum,
1005 3422 1057 3487 sed
1072 3423 1104 3486 in
1125 3423 1270 3485 honorem
1290 3435 1355 3482 esse
1369 3432 1493 3497 compo-

371 3521 428 3586 sita
440 3523 552 3588 mortis
566 3524 692 3590 alienae.
717 3545 792 3590 nam
805 3525 886 3607 quod
900 3526 1014 3611 terram
1030 3525 1161 3589 matrem
1176 3540 1241 3588 esse
1262 3521 1399 3586 omnium
1419 3518 1521 3588 deo-5

371 3642 436 3691 rum
445 3625 555 3691 dicunt
566 3628 619 3708 qui
629 3627 703 3692 huic
713 3627 863 3694 elemento
876 3628 991 3711 primas
1004 3627 1146 3692 tribuunt
1157 3627 1270 3710 partes,
1285 3643 1356 3689 uere
1367 3623 1493 3688 deorum

418 3864 436 3918 2
452 3865 566 3936 physici
577 3867 672 3920 uolunt
683 3883 740 3920 esse
751 3867 854 3920 ratione
865 3866 1011 3936 composita
1021 3866 1049 3920 P
1093 3866 1112 3922 3
1125 3866 1192 3920 atim
1201 3866 1262 3935 (out
1271 3867 1314 3919 att
1323 3865 1363 3935 in)
1372 3866 1406 3931 P,
1419 3879 1491 3918 ema-

370 3948 423 4003 tum
435 3967 456 4004 a
477 3952 490 4018 11
512 3951 564 4005 huo
575 3951 603 4005 P
654 3953 669 4005 7
688 3953 868 4007 recidiuantur
880 3954 948 4008 cerri.
965 3952 1101 4020 Bursian,
1115 3953 1288 4020 probabilius
1295 3950 1492 4018 Reifferscheid

370 4032 525 4101 redduntun3
542 4038 601 4105 ipsc
613 4040 722 4092 teatuui
733 4040 914 4106 renascuntur,
927 4043 1007 4092 otest
1019 4039 1103 4106 paolo
1112 4044 1176 4106 post
1184 4055 1231 4107 pro
1240 4038 1342 4092 renatis
1354 4036 1477 4105 frugibus
1484 4055 1491 4099 ;

370 4120 403 4186 cs.
423 4122 512 4176 amite
531 4124 632 4178 uitium
651 4124 761 4178 febrarii
780 4125 818 4178 ort
834 4141 861 4193 p.
875 4127 951 4188 93,5
970 4126 982 4192 ΙΙ
1004 4123 1087 4178 uelim
1104 4125 1225 4192 Woroer5
1252 4130 1282 4179 ct
1304 4141 1331 4178 c.
1353 4124 1436 4177 Bure.
1460 4123 1492 4177 irc

367 4208 485 4274 praefat.
495 4223 525 4276 p.
542 4208 605 4262 VH
652 4209 670 4266 9
688 4210 845 4264 inuenerunt
856 4211 890 4274 P,
908 4209 980 4278 quod
996 4209 1144 4276 fereadum
1154 4210 1281 4277 cicietur,
1298 4209 1378 4264 sisic
1389 4209 1489 4264 dictia-

370 4294 655 4362 gcumespondeant:
668 4311 714 4349 cur
726 4301 772 4350 etc.
822 4297 978 4365 12planges
991 4296 1019 4350 P
1065 4297 1100 4354 15
1113 4295 1183 4350 fetus
1195 4297 1308 4364 scripsi:
1322 4297 1400 4350 fictus
1411 4297 1456 4350 Pu

372 4374 405 4432 16
423 4380 456 4432 ut
472 4379 553 4432 strati
571 4381 605 4446 P,
622 4381 670 4435 sed
688 4383 796 4436 litterae
814 4383 871 4435 stra
888 4384 948 4449 fere
960 4397 1078 4450 prorsus
1095 4388 1284 4451 concurrunt,
1312 4382 1444 4436 seminent
1461 4382 1490 4436 in

369 4461 496 4529 tristitia,
515 4464 652 4520 interfecti
663 4466 764 4520 funeris
776 4483 794 4520 o
846 4468 878 4521 17
897 4467 1075 4536 ingemiscant
1086 4467 1146 4522 cdd.
1199 4469 1233 4521 27
1250 4484 1303 4522 non
1314 4467 1343 4522 in
1354 4469 1451 4522 honore
1462 4469 1490 4522 P

378 4547 390 4614 ΙΙ
409 4550 555 4618 composita
567 4553 595 4606 P
654 4553 690 4609 29
709 4552 771 4606 hine
783 4569 802 4606 a
819 4554 831 4621 ΙΙ
847 4552 955 4607 deorum
966 4553 1080 4608 istorum
1093 4555 1161 4608 coci.
1175 4554 1303 4608 Bersiba
