4050 5559
443 631 487 708 46
862 641 1006 695 Minucii
1029 641 1156 696 Felicis

411 797 511 862 suim
525 797 631 861 tantae
657 796 829 861 maiestatis
844 796 1022 862 includam?
1052 817 1150 863 nonne
1171 798 1282 863 melius
1303 799 1461 864 innostra
1482 799 1569 864 dedi-

442 901 558 965 candus
584 900 631 964 est
656 900 778 964 mente?
807 899 841 964 in
865 901 969 965 nostro
989 900 1085 965 immo
1107 901 1325 966 consecrandus
1356 902 1402 966 est
1427 903 1570 983 pectore?

441 1003 559 1067 hostias
574 1003 606 1067 et
619 1003 763 1067 uictimas
784 1003 849 1066 Deo
870 1002 1009 1083 offeram,
1040 1022 1115 1091 quas
1130 1003 1163 1067 in
1177 1021 1268 1068 usum
1288 1004 1351 1068 mei
1371 1005 1511 1086 protulit,
1533 1007 1570 1069 ut

442 1106 568 1170 reiciam
588 1106 616 1170 ei
637 1117 729 1179 suurn
753 1109 887 1170 munus?
908 1105 1067 1189 ingratum
1082 1107 1138 1185 est,
1170 1126 1241 1172 cum
1265 1107 1308 1171 sit
1322 1107 1453 1171 litabilis
1467 1108 1569 1173 hostia

409 1211 540 1275 ebenus
560 1209 682 1275 animus
703 1210 734 1274 et
754 1229 831 1291 pura
850 1229 938 1274 mens
969 1210 1000 1274 et
1022 1210 1139 1275 sincera
1162 1210 1356 1275 conscientia.
1387 1211 1486 1295 igitur
1516 1213 1569 1294 qui
1592 1238 1604 1275 6

441 1313 649 1377 innocentiam
665 1313 753 1389 colit,
774 1314 839 1378 Deo
854 1311 1026 1394 supplicat,
1049 1312 1103 1395 qui
1118 1312 1283 1392 iustitiam,
1314 1313 1379 1378 Deo
1395 1313 1484 1392 libat,
1514 1314 1568 1394 qui

441 1415 601 1480 fraudibus
613 1415 757 1495 abstinet,
769 1415 1036 1498 propitiatDeum,
1053 1416 1107 1497 qui
1114 1416 1271 1480 hominem
1278 1415 1412 1497 periculo
1425 1416 1568 1499 subripit,

441 1519 576 1601 opimam
593 1519 755 1584 uictimam
770 1517 879 1582 caedit.
901 1518 975 1582 haec
997 1518 1104 1583 nostra
1127 1518 1291 1596 sacrificia,
1321 1518 1395 1582 haec
1408 1518 1468 1582 Dei
1484 1536 1570 1583 sacra

409 1624 530 1688 4sunt:
561 1622 606 1686 sic
621 1623 702 1705 apud
717 1639 771 1686 nos
787 1621 958 1704 religiosior
979 1621 1026 1685 est
1040 1620 1094 1685 ille
1114 1621 1168 1703 qui
1182 1621 1301 1685 iustior.
1333 1621 1366 1685 at
1381 1622 1463 1685 enim
1478 1641 1570 1704 quem

441 1725 571 1789 colimus
585 1730 693 1802 Deum,
709 1743 764 1789 nec
779 1724 969 1789 ostendimus
984 1743 1040 1789 nec
1062 1722 1213 1789 uidemus.
1235 1724 1332 1788 immo
1348 1743 1384 1788 er
1398 1725 1454 1789 hoc
1469 1725 1570 1789 Deum
1580 1748 1605 1786 10

441 1828 605 1906 credimus,
622 1828 789 1909 quodcum
805 1827 919 1891 sentire
939 1844 1111 1908 possumus,
1127 1826 1232 1891 uidere
1252 1844 1311 1890 nou
1334 1844 1507 1908 possumus.
1538 1828 1570 1891 in

441 1931 585 2013 operibus
609 1929 693 1994 enim
713 1929 779 1994 eius
799 1931 831 1994 et
851 1929 884 1993 in
904 1929 1013 1993 mundi
1029 1929 1171 1994 omnibus
1186 1929 1322 1995 motibus
1336 1928 1488 1994 uirtutem
1504 1930 1569 1995 eius

441 2051 561 2114 semper
571 2032 762 2114 praesentem
773 2032 950 2115 aspicimus,
967 2051 1039 2096 cum
1049 2032 1145 2110 tonat,
1162 2031 1312 2115 fulgurat,
1325 2031 1482 2110 fulminat,
1499 2051 1570 2097 eum

409 2137 571 2199 eserenat.
588 2153 644 2199 nec
657 2134 790 2213 mireris,
805 2134 832 2199 si
846 2136 948 2200 Deum
962 2153 1022 2198 non
1037 2135 1141 2200 uides:
1171 2135 1262 2200 uento
1279 2135 1310 2199 et
1324 2134 1451 2199 flatibus
1467 2135 1570 2199 omnia

442 2238 653 2320 impelluntur,
669 2237 841 2316 uibrantur,
858 2238 1025 2321 agitantur,
1047 2238 1079 2302 et
1099 2238 1155 2302 sub
1177 2237 1274 2302 oeulis
1289 2238 1393 2302 tamen
1408 2255 1468 2302 non
1482 2238 1569 2303 uenit
1579 2261 1604 2301 15

443 2340 555 2403 uentus
575 2341 607 2405 et
624 2339 725 2404 flatus.
753 2341 787 2404 in
807 2340 900 2406 solem
921 2339 1013 2419 adeo,
1041 2340 1093 2421 qui
1109 2340 1234 2405 uidendi
1250 2340 1391 2405 omnibus
1406 2359 1497 2404 causa
1512 2343 1569 2422 est,

443 2441 548 2506 uidere
576 2460 637 2505 non
651 2461 823 2525 possumus,
839 2443 934 2507 radiis
949 2443 1029 2506 acies
1045 2442 1254 2521 submouetur,
1277 2443 1403 2507 obtutus
1419 2442 1570 2507 intuentis

410 2544 620 2624 &hebetatum
637 2548 668 2611 et
683 2546 710 2609 si
725 2546 844 2611 diutius
858 2545 1013 2627 inspicias,
1030 2546 1129 2610 omnis
1144 2545 1230 2610 uisus
1246 2545 1446 2629 extinguitur.
1473 2544 1570 2626 quid?

442 2647 545 2730 ipsum
560 2648 633 2712 solis
649 2648 810 2728 artificem,
826 2649 918 2712 illum
929 2647 1058 2712 luminis
1073 2647 1200 2729 fontem,
1215 2647 1312 2730 possis
1324 2648 1483 2726 sustinere,
1500 2665 1571 2711 cum

441 2750 474 2814 te
494 2750 533 2814 ab
555 2750 621 2815 eius
644 2749 817 2834 fulgoribus
844 2752 982 2828 auertas,
1012 2749 1228 2815 afrrlminibus
1254 2749 1443 2815 abscondas?
1472 2755 1606 2814 Douma

441 2852 538 2916 oculis
554 2852 727 2917 carnalibus
740 2852 789 2923 uis
802 2851 916 2931 nidere,
932 2872 1004 2917 cum
1018 2853 1118 2934 ipsam
1133 2853 1269 2918 animam
1280 2853 1377 2930 tuam,
1393 2872 1453 2934 qua
1468 2851 1571 2917 uiuifi-

410 2954 523 3022 ’iearis
539 2955 570 3017 et
584 2954 727 3035 loqueris,
757 2972 813 3018 nec
834 2954 967 3036 aspicere
983 2955 1082 3036 possis
1096 2974 1152 3020 nec
1167 2957 1291 3020 tenere?
1321 2955 1374 3020 sed
1390 2954 1472 3019 enim
1486 2956 1570 3019 Deus

441 3057 546 3120 actum
571 3056 705 3120 hominis
718 3044 853 3140 ⁴ignorat
882 3058 913 3122 et
942 3057 1079 3122 incaelo
1100 3058 1285 3123 constitutus
1311 3074 1370 3122 non
1391 3058 1493 3139 potest
1514 3058 1569 3122 aut

442 3177 547 3223 omnes
562 3159 646 3223 obire
661 3159 716 3224 aut
730 3158 867 3243 singulos
887 3177 982 3225 nosse.
1000 3179 1098 3239 erras,
1123 3160 1261 3238 ohomo,
1284 3161 1315 3224 et
1337 3160 1468 3224 falleris:
1490 3160 1571 3224 unde

439 3263 525 3327 enim
532 3264 616 3329 Deus
630 3264 721 3347 longe
737 3264 793 3341 est,
809 3282 880 3329 cum
895 3263 998 3329 omnia
1011 3264 1155 3328 caelestia
1166 3266 1347 3346 terrenaque
1359 3264 1390 3328 et
1397 3281 1474 3346 quae
1487 3264 1573 3328 extra
1580 3285 1604 3327 a

494 3568 512 3624 2
530 3569 582 3622 imo
593 3568 736 3631 Gelenius,
757 3569 822 3622 itern
830 3568 996 3637 Heumann,
1009 3569 1059 3623 6661
1069 3570 1113 3624 bic
1126 3569 1328 3634 161616666166;
1347 3574 1450 3637 6161616
1462 3571 1574 3636 confert

445 3655 553 3709 Vublen
568 3655 1022 3724 01116.(16666166111666111696
1047 3672 1099 3709 non
1120 3655 1265 3710 abluuntur
1285 3655 1344 3709 11116
1363 3654 1497 3719 homines,
1526 3654 1572 3708 sed

441 3741 557 3808 potius
569 3741 752 3804 sordidantur,
770 3758 818 3795 nec
831 3744 980 3810 purgantur
992 3741 1104 3806 delicta,
1118 3741 1164 3796 sed
1176 3743 1272 3795 immo
1284 3741 1454 3796 cumulantur
1507 3740 1525 3797 3
1543 3742 1571 3793 61

442 3826 569 3880 uictimas
590 3827 623 3880 do
643 3828 671 3895 (1.
685 3844 706 3880 e.
720 3827 778 3898 deo)
791 3829 925 3897 Psap'l.
938 3829 1025 3896 babet,
1043 3829 1090 3882 sei
1107 3846 1125 3881 a
1142 3833 1158 3882 1
1174 3845 1274 3896 manu,
1300 3830 1328 3881 et
1349 3845 1373 3881 u.
1396 3826 1538 3880 dominor

441 3911 461 3966 4
477 3911 598 3966 reiiciam
609 3928 625 3965 r
647 3914 659 3980 11
682 3913 819 3981 ingratum
832 3916 874 3966 est
886 3914 987 3968 deleuit
999 3915 1151 3968 Heumann
1174 3914 1186 3981 11
1209 3913 1296 3966 1116116
1307 3914 1426 3967 molebat
1437 3912 1572 3966 Heinsius

438 3997 480 4050 ad
497 3997 577 4052 Ouid.
590 3998 668 4051 Fosi.
683 4002 709 4067 6,
723 4002 779 4053 629
848 4000 1047 4057 boonscientia
1062 4000 1195 4054 Vrsinus:
1226 3999 1360 4053 sententia
1377 3999 1419 4052 Pr
1483 3997 1571 4053 coo-

440 4083 514 4136 mino
527 4083 687 4152 supplicati
739 4084 757 4141 8
775 4085 905 4153 optimam
917 4087 968 4154 Pr,
982 4103 1030 4140 ern.
1049 4085 1180 4140 Gelenius
1185 4105 1195 4153 ,·
1214 4085 1269 4139 Deo
1284 4085 1344 4154 (orn.
1364 4083 1503 4153 optimam)
1515 4083 1572 4136 uic·

439 4168 538 4220 timam
548 4169 636 4222 caedit
645 4169 751 4224 Vobicn
796 4170 832 4226 14
843 4172 953 4226 mereris
962 4172 997 4241 P,
1008 4188 1055 4225 6666.
1068 4172 1100 4225 in
1112 4187 1129 4223 r
1173 4170 1210 4229 15
1222 4171 1484 4236 oeulosHeurnunn;
1495 4170 1573 4237 sequi

441 4255 588 4322 noluimus,
602 4271 663 4308 curn
682 4256 715 4309 in
726 4257 872 4310 Lactantii
883 4273 988 4326 quoque
1000 4259 1023 4312 I.
1035 4258 1070 4311 D.
1085 4260 1110 4325 7,
1124 4261 1150 4325 9,
1165 4260 1186 4311 2
1201 4256 1278 4312 666161.
1297 4256 1420 4310 meliores
1437 4255 1571 4308 babeant:

438 4339 528 4404 deum,
542 4340 606 4394 licet
618 4340 665 4394 sub
678 4342 762 4395 oculis
774 4358 827 4395 non
843 4343 961 4408 ueniret,
980 4343 1012 4397 (16
1026 4359 1074 4396 sua
1085 4344 1176 4397 tamen
1188 4343 1217 4396 ui
1227 4374 1260 4381 -
1269 4357 1434 4397 cerneremus
1489 4340 1525 4396 16
1543 4340 1572 4409 iu

442 4426 525 4479 solem
551 4427 698 4481 cellarius:
717 4427 745 4480 in
767 4428 821 4481 sole
839 4428 888 4494 Pr,
908 4430 991 4482 solem
1010 4428 1141 4483 Gelenius
1193 4427 1228 4484 18
1247 4427 1298 4492 our
1318 4427 1406 4495 ipsum
1422 4426 1539 4480 Vrsinus

438 4511 483 4567 20
499 4512 651 4581 fulguribus
662 4513 818 4580 Meursius,
837 4519 868 4566 61
879 4531 906 4567 u.
920 4517 946 4582 5,
960 4517 977 4568 9
1051 4514 1089 4570 22
1107 4530 1155 4568 nec
1172 4513 1243 4567 tueri
1260 4512 1385 4578 Vrsinus,
1408 4527 1455 4565 nec
1468 4527 1572 4565 cernere

441 4597 594 4667 Daunius·
606 4605 637 4652 at
648 4616 675 4652 u.
694 4599 829 4667 Wopkens
837 4615 867 4666 p.
881 4603 917 4653 46
928 4616 966 4668 sq.
