4050 5559
791 637 952 694 Octauius
970 653 991 691 e.
1010 637 1131 694 21-22.
1482 640 1523 703 31

398 809 459 872 que
473 792 662 857 nascuntur?
676 792 737 858 nisi
753 792 832 858 forte
847 794 910 859 iam
924 794 1066 878 Iuppiter
1081 796 1183 860 senuit
1198 796 1230 859 et
1243 796 1351 876 partus
1366 793 1399 858 in
1409 793 1524 857 Iunone

399 892 512 959 defecit
527 896 558 959 et
573 894 714 960 Minerua
727 897 832 960 canuit
847 898 1013 979 antequam
1027 899 1156 981 peperit.
1173 916 1212 962 an
1233 897 1301 961 ideo
1316 895 1450 961 cessauit
1463 895 1525 959 ista

399 997 572 1081 generatio,
589 998 734 1080 quoniam
747 999 834 1064 nulla
847 1000 1026 1065 huiusmodi
1047 1000 1161 1065 fabulis
1181 1000 1343 1082 praebetur
1365 997 1525 1063 adsensio?

399 1100 537 1164 ceterum
553 1100 580 1163 si
595 1100 640 1164 dii
656 1120 756 1166 creare
770 1105 916 1184 possent,
942 1103 1068 1169 interire
1082 1122 1143 1168 non
1162 1104 1305 1186 possent,
1326 1102 1430 1184 plures
1450 1100 1525 1165 totis
1537 1108 1575 1164 12

378 1200 575 1266 ehominibns
590 1202 661 1267 deos
675 1204 872 1284 haberemus,
888 1207 925 1270 ut
940 1206 1003 1271 iam
1019 1224 1069 1271 eos
1082 1226 1138 1272 nec
1154 1207 1271 1271 caelum
1288 1205 1457 1270 contineret
1471 1222 1527 1268 nec

399 1310 452 1369 aer
467 1309 588 1389 caperet
602 1325 658 1372 nec
672 1309 754 1372 terra
766 1311 910 1393 gestaret.
932 1309 1012 1374 unde
1028 1308 1227 1375 manifestum
1242 1312 1290 1375 est
1303 1308 1444 1373 homines
1456 1307 1526 1371 illos
1598 1361 1602 1369 .

399 1408 511 1487 fuisse,
527 1429 602 1493 quos
618 1414 752 1477 stratos
775 1413 907 1497 legimus
931 1415 962 1478 et
986 1413 1123 1478 mortuos
1150 1414 1273 1478 scimus.
1301 1413 1375 1494 †et
1396 1408 1527 1492 despicis

399 1512 493 1577 Isidis
514 1514 553 1577 ad
573 1513 779 1594 hirundinem,
803 1516 941 1595 sistrum,
958 1518 989 1582 et
1004 1517 1043 1582 ad
1059 1516 1172 1600 sparsis
1187 1515 1334 1580 membris
1345 1515 1468 1579 inanem
1478 1511 1527 1577 tui

400 1613 555 1698 Serapidis
571 1617 637 1682 siue
652 1615 750 1682 Osiris
764 1619 931 1684 tumulum.
1096 1614 1099 1619 ’

364 1737 391 1776 10
443 1717 607 1783 Considera
619 1720 749 1802 denique
770 1740 856 1786 sacra
871 1722 938 1803 ipsa
953 1725 985 1787 et
999 1722 1066 1804 ipsa
1091 1723 1254 1806 mysteria:
1269 1720 1406 1786 inuenies
1425 1718 1526 1783 exitus
1536 1725 1576 1788 22

404 1820 527 1899 tristes,
557 1823 623 1887 fata
644 1827 675 1888 et
696 1823 802 1889 funera
817 1827 848 1889 et
861 1826 964 1890 luctus
985 1827 1077 1908 atque
1091 1826 1233 1908 planctus
1253 1824 1434 1889 miserorum
1454 1821 1525 1886 deo-

399 1944 478 1988 rum.
501 1925 561 1988 Isis
583 1926 740 2008 perditum
754 1926 855 1992 filium
870 1946 940 1992 cum
962 1927 1172 2012 Cynocephalo
1192 1946 1246 1993 suo
1262 1928 1294 1993 et
1314 1925 1411 1992 caluis
1426 1942 1526 1989 sacer·

400 2026 524 2093 dotibus
551 2029 659 2112 luget,
681 2030 819 2115 plangit,
849 2031 993 2113 inquirit,
1029 2033 1060 2096 et
1075 2032 1167 2096 Isiaci
1182 2031 1288 2095 miseri
1303 2029 1432 2095 caedunt
1455 2044 1526 2109 peo-

399 2129 467 2194 tora
482 2132 513 2195 et
528 2131 664 2198 dolorem
689 2133 919 2198 infelicissimae
944 2135 1053 2199 matris
1078 2135 1262 2200 imitantur:
1302 2151 1373 2198 mon
1401 2130 1526 2196 inuento

365 2262 390 2301 15
399 2234 528 2313 paruulo
540 2235 655 2318 gaudet
665 2235 736 2314 Isis,
767 2237 907 2301 exultant
922 2237 1108 2316 sacerdotes,
1131 2235 1360 2320 Cynocephalus
1377 2236 1520 2301 inuentor

399 2337 566 2420 gloriatur,
593 2356 647 2402 nee
673 2339 816 2403 desinunt
841 2340 928 2404 annis
951 2339 1094 2404 omnibus
1119 2340 1171 2404 uel
1197 2340 1322 2420 perdere
1344 2339 1425 2420 quod
1439 2339 1527 2403 inue-

400 2439 490 2503 niunt
517 2440 567 2504 uel
593 2440 730 2506 inuenire
750 2443 831 2523 quod
856 2444 997 2526 perdunt.
1019 2460 1116 2507 nonne
1141 2442 1308 2506 ridiculum
1329 2443 1376 2506 est
1401 2442 1451 2506 uel
1476 2442 1555 2505 lu-2

400 2560 470 2625 gere
496 2544 577 2625 quod
597 2543 678 2608 colas
698 2544 748 2608 uel
774 2545 871 2610 colere
895 2545 975 2626 quod
989 2546 1118 2629 lugeas?
1144 2545 1218 2610 haec
1242 2546 1347 2609 tamen
1373 2544 1528 2627 Aegyptia

401 2645 554 2725 quondam
583 2666 663 2711 nunc
689 2647 721 2712 et
746 2666 831 2712 sacra
856 2649 993 2712 Romana
1016 2649 1097 2712 sunt.
1134 2647 1224 2714 Ceres
1249 2648 1367 2712 facibus
1393 2646 1527 2712 accensis

364 2748 432 2811 aar
453 2751 591 2830 serpente
613 2749 803 2815 circumdata
818 2769 916 2815 errore
937 2751 1116 2834 subreptam
1142 2753 1173 2817 et
1188 2752 1362 2835 corruptam
1384 2751 1528 2815 Liberam

401 2852 491 2916 annia
511 2854 542 2916 et
566 2852 701 2917 sollicita
725 2853 877 2938 uestigat:
903 2854 977 2919 haec
1003 2855 1078 2919 sunt
1102 2855 1268 2920 Eleusinia.
1295 2855 1422 2936 atquae
1442 2852 1526 2918 Iouis

401 2971 486 3018 sacra
508 2958 602 3020 sunt?
631 2958 736 3022 nutrix
755 2959 874 3040 capella
900 2959 948 3022 est
976 2959 1008 3023 et
1036 2941 1126 3023 a‘uido
1152 2959 1233 3042 patri
1263 2957 1456 3022 subtrahitur
1477 2957 1554 3020 in·3

400 3057 487 3137 fans,
503 3078 541 3124 ne
556 3062 699 3138 uoretur,
726 3062 758 3124 et
773 3060 982 3143 Corybantum
997 3061 1164 3144 cymbalis,
1190 3081 1228 3126 ne
1243 3062 1329 3144 pater
1349 3060 1455 3125 audiat
1470 3078 1524 3124 ua·

401 3160 501 3244 gitus,
517 3162 650 3228 tinnitus
665 3160 802 3229 eliditur.
819 3161 949 3247 Cybelae
963 3164 1122 3247 Dindyma
1135 3165 1231 3247 pudet
1246 3164 1361 3241 dicere,
1378 3183 1455 3245 quae
1469 3163 1555 3227 acl-4

452 3401 573 3457 4creari
591 3403 722 3458 Gelenius
749 3405 761 3472 ll
783 3403 887 3472 possint
900 3404 949 3468 Pr,
974 3419 1022 3457 eru.
1039 3403 1170 3457 Gelenius
1248 3401 1371 3457 daero:
1391 3402 1493 3455 aeraP

402 3485 419 3540 7
438 3488 466 3539 ct
478 3487 592 3556 despicis
607 3490 647 3557 P,
666 3492 695 3543 et
706 3488 816 3559 dispicis
837 3506 865 3555 r;
883 3490 971 3543 uerba
987 3490 1095 3557 partlm
1111 3493 1244 3555 corrupta
1265 3503 1298 3541 88
1319 3488 1374 3540 ulio
1395 3487 1452 3541 loco
1472 3489 1526 3541 buc

400 3574 512 3627 1888818
521 3590 575 3628 ease
582 3575 692 3642 881888
699 3575 954 3643 1818118811781188,
963 3576 1012 3644 qui
1021 3579 1122 3642 capeat
1130 3575 1216 3626 uerbo
1224 3573 1289 3627 haec
1296 3571 1527 3642 tamenAsgyptia

401 3661 532 3728 quondam
545 3677 614 3714 nunc
626 3663 653 3714 et
665 3662 784 3717 Romana
796 3677 871 3715 sacra
884 3663 946 3714 sunt
958 3661 1114 3728 (uerou19)
1127 3659 1339 3728 transponendo
1350 3665 1376 3712 et
1387 3659 1426 3712 818
1438 3658 1525 3712 corri-

400 3747 492 3816 98888
504 3753 607 3801 888888·
635 3749 663 3802 et
682 3747 798 3817 desipias
815 3748 896 3802 Isidis
914 3747 948 3801 ad
966 3747 1136 3800 hirundinem
1154 3753 1200 3800 etc.
1220 3746 1454 3800 1888111881811
1469 3745 1526 3798 ium

400 3832 583 3899 (1881888881.
601 3835 649 3900 24,
667 3835 684 3886 5
700 3831 730 3886 in
747 3832 801 3886 ista
819 3833 949 3903 desipere)
965 3833 1003 3886 od
1016 3833 1101 3887 1881118
1112 3833 1304 3900 iucundiorem,
1322 3834 1449 3899 81818888,
1467 3832 1526 3885 8188

399 3917 614 3986 cccccccccc
634 3919 719 3973 Isidis
736 3921 839 3974 cultum
855 3920 999 3989 pertineat
1050 3918 1068 3975 8
1090 3918 1124 3972 ad
1144 3919 1244 3987 sparsis
1260 3919 1369 3973 Oebler:
1392 3917 1525 3986 adsparsis

399 4005 439 4068 P,
459 4004 614 4073 aspersisr,
638 4004 765 4074 dispersis
788 4006 931 4060 1118888188
999 4004 1018 4062 9
1036 4004 1150 4060 Osiridis
1171 4021 1187 4058 r
1263 4004 1300 4061 10
1318 4020 1392 4057 sacra
1415 4003 1475 4072 ipsa
1498 4005 1526 4056 ct

400 4090 529 4159 mysteria
547 4089 709 4145 Boldua‘uue
761 4091 798 4147 12
811 4091 958 4162 oyneoefalo
973 4091 1009 4158 P,
1022 4092 1086 4145 1188
1095 4092 1181 4158 poulo
1192 4097 1253 4159 poet
1268 4093 1280 4158 ΙΙ
1300 4093 1327 4143 et
1338 4090 1401 4143 aliis
1413 4106 1492 4143 sacr

402 4176 439 4233 13
452 4176 572 4245 anquirit
588 4177 681 4230 malim
726 4176 959 4233 20circumlatar
1010 4176 1048 4232 21
1068 4178 1182 4245 atquae
1201 4176 1319 4231 Vrsinus
1384 4176 1423 4232 24
1441 4174 1524 4229 tinni-

400 4263 445 4315 tus
463 4260 755 4317 0888881818888
770 4265 783 4332 11
799 4262 888 4316 editur
897 4261 1037 4317 Wowerue
1059 4263 1071 4331 ΙΙ
1095 4262 1185 4332 cybele
1198 4264 1255 4330 Ρη
1267 4261 1299 4316 de
1312 4261 1408 4331 Cybele
1422 4261 1524 4332 Dindy·

400 4364 477 4401 mena
494 4348 638 4412 Gelenius,
657 4347 773 4417 Cybelen
788 4348 981 4418 Dyndimenam
998 4349 1141 4403 1118888188
1146 4369 1156 4416 ,·
1181 4348 1214 4402 de
1236 4348 1373 4402 adiectiuo
1392 4347 1525 4417 Dindyma

401 4434 446 4500 (ec.
460 4435 547 4503 sacra)
570 4435 678 4500 confert
698 4433 808 4489 1188888
824 4435 997 4490 0818881188
1012 4434 1047 4488 de
1063 4435 1141 4489 cultu
1159 4435 1227 4488 laert.
1249 4451 1277 4488 8.
1295 4437 1355 4487 220
1369 4440 1394 4487 et
1406 4434 1526 4488 Ausonii

401 4535 441 4586 ep.
454 4523 492 4574 25
503 4520 541 4573 ad
558 4519 704 4588 Poul.16;
722 4518 794 4574 adde
812 4520 928 4590 ulcerum
948 4522 982 4575 18
999 4519 1057 4576 cod.
1080 4520 1219 4575 Beraeuei
1235 4522 1293 4574 224
1309 4521 1357 4588 sol.
1370 4522 1447 4574 209·
1458 4520 1524 4574 Din-

401 4603 485 4658 dima:
503 4606 626 4660 misteria
