4050 5559
841 631 1003 686 Octauius
1021 647 1042 684 0.
1062 630 1179 688 32-34.
1529 636 1571 700 47

445 787 542 852 istam
558 786 641 851 orbis
655 785 846 867 prouinciam
862 785 943 863 sunt,
957 786 1023 850 Deo
1037 787 1128 868 plena
1143 786 1228 852 sint?
1248 787 1361 870 ubique
1375 807 1435 854 non
1448 788 1573 854 tantum

444 890 535 956 nobis
555 889 727 972 proximus,
758 890 811 952 sed
825 889 946 954 infusus
960 891 1016 955 est.
1047 889 1191 954 insolam
1207 890 1281 955 adeo
1302 910 1408 956 rursus
1429 891 1601 961 intendezs

445 992 531 1058 eaelo
552 992 683 1071 adfixus,
713 991 767 1057 sed
787 990 878 1056 terris
902 991 1045 1056 omnibus
1065 1010 1189 1072 sparsus
1210 993 1272 1057 est:
1302 994 1417 1075 pariter
1430 1013 1572 1076 praesens

446 1096 562 1178 ubique
591 1096 720 1161 interest
748 1096 780 1160 et
800 1095 947 1160 miscetur
969 1095 1126 1177 omnibus,
1156 1114 1309 1178 nusquam
1331 1097 1396 1162 eius
1422 1096 1573 1162 claritudo

421 1198 593 1267 :uiolatum
610 1198 722 1279 quanto
733 1197 834 1280 magis
840 1198 923 1262 Deus
936 1199 1044 1263 auctor
1055 1198 1192 1263 omnium
1201 1218 1236 1264 ao
1247 1200 1418 1281 speculator
1424 1199 1572 1278 omnium,
1584 1209 1601 1264 9

446 1320 541 1384 aquo
561 1300 683 1366 nullum
711 1301 813 1383 potest
840 1318 906 1365 esse
926 1301 1087 1380 secretum,
1115 1302 1249 1366 tenebris
1272 1303 1415 1380 interest,
1445 1302 1574 1367 interest

445 1405 688 1490 cogitationibus
703 1404 825 1483 nostris,
841 1404 930 1486 quasi
945 1404 1052 1469 alteris
1066 1404 1218 1470 tenebris!
1234 1423 1295 1469 non
1308 1405 1431 1470 tantum
1446 1404 1503 1468 sub
1518 1403 1573 1469 illo

446 1510 581 1594 agimus,
598 1507 651 1573 sed
667 1509 698 1572 et
713 1526 783 1572 eum
798 1506 863 1585 illo,
878 1509 914 1571 ut
929 1525 1022 1589 prope
1037 1507 1176 1586 dixerim,
1193 1508 1338 1574 uiuimus.

490 1610 555 1675 Nee
569 1611 658 1676 nobis
673 1612 711 1675 de
725 1612 830 1676 nostra
845 1609 1016 1693 frequentia
1035 1611 1247 1677 blandiamur:
1276 1612 1369 1676 multi
1384 1611 1472 1676 nobis
1487 1611 1574 1676 uide·
1584 1617 1624 1680 13

408 1741 438 1779 10
447 1734 527 1793 mur,
559 1716 612 1780 sed
633 1716 698 1780 Deo
718 1716 884 1780 admodum
899 1715 989 1798 pauci
1010 1733 1125 1779 sumus.
1156 1732 1211 1779 nos
1241 1717 1347 1800 gentes
1376 1715 1573 1796 nationesque

448 1817 687 1903 distinguimus:
703 1819 768 1884 Deo
779 1838 840 1885 una
853 1819 962 1883 domus
978 1818 1025 1883 est
1036 1819 1169 1884 mundus
1184 1819 1235 1884 hie
1247 1818 1340 1884 totus.
1357 1835 1443 1902 reges
1455 1818 1574 1882 statum

446 1921 535 2005 regni
550 1920 598 1984 sui
613 1939 668 2003 per
683 1920 785 1985 oliioia
799 1920 1014 1985 ministrorum
1037 1920 1159 1986 diuersa
1173 1922 1340 1987 nouenmt:
1371 1921 1436 1986 1166
1451 1919 1573 1984 indieiis

447 2040 523 2105 opus
538 2041 600 2086 non
616 2024 677 2088 est:
692 2042 752 2089 nou
767 2024 850 2088 enim
864 2023 966 2089 solum
980 2023 1013 2087 in
1028 2023 1125 2088 oculis
1141 2015 1216 2102 eius,
1233 2025 1286 2089 sed
1298 2025 1331 2088 in
1345 2024 1415 2088 sinu
1426 2023 1572 2087 uiuimus.

447 2127 500 2191 sed
511 2125 635 2191 Iudaeis
647 2127 726 2191 nihil
736 2127 862 2208 profuit,
878 2127 960 2208 quod
971 2145 1067 2190 unum
1079 2127 1110 2191 et
1125 2126 1185 2208 ipsi
1195 2127 1296 2192 Deum
1310 2127 1371 2192 aris
1386 2128 1478 2208 atque
1492 2127 1602 2192 tem-2

410 2247 437 2287 1⁵
446 2231 507 2312 plis
522 2231 659 2295 maxima
674 2229 889 2312 superstitione
904 2231 1073 2295 coluerunt.
1103 2230 1279 2314 ignorantia
1297 2230 1425 2310 laberis,
1449 2230 1476 2294 si
1490 2230 1573 2313 prio-

446 2353 518 2398 rum
530 2335 584 2398 aut
599 2333 713 2398 oblitus
734 2334 789 2398 sut
808 2333 923 2399 inscius
942 2333 1146 2416 posteriorum
1161 2333 1337 2398 recordaris.
1369 2353 1441 2399 nam
1463 2334 1494 2397 et
1514 2332 1601 2414 ipsi3

446 2436 549 2502 Deum
559 2438 709 2515 nostrum,
725 2436 808 2501 idem
821 2437 903 2501 enim
918 2437 1056 2501 omnium
1063 2436 1147 2500 Deus
1160 2438 1217 2514 est,
1229 2435 1347 2515 66666611
1359 2440 1450 2500 saal:
1464 2455 1573 2519 quam-

447 2540 502 2604 diu
517 2539 600 2605 enim
613 2558 684 2604 eum
693 2540 784 2618 caste,
797 2539 917 2603 innoxie
926 2538 1128 2622 religioseque
1140 2538 1307 2616 ooluemnt,
1320 2538 1469 2621 quamdiu
1484 2556 1573 2621 pree·

447 2642 544 2724 ceptis
560 2642 735 2707 salubribus
750 2642 1048 2724 obtemperauenmt,
1076 2641 1114 2706 de
1131 2641 1236 2723 pausis
1250 2641 1404 2706 innumeri
1423 2640 1509 2718 faeti,
1536 2641 1573 2704 de

408 2745 609 2828 :regentibus
624 2744 747 2823 diuites,
778 2744 815 2809 de
829 2743 1035 2809 seruientibus
1054 2762 1159 2828 reges:
1188 2743 1302 2809 modici
1317 2745 1441 2822 multos,
1463 2742 1574 2808 inermi

447 2850 594 2927 armatos,
611 2849 686 2913 dum
697 2847 821 2932 fugiunt
832 2847 1034 2929 insequentes,
1047 2848 1106 2912 Dei
1119 2848 1205 2913 iussu
1218 2848 1249 2913 61
1261 2847 1420 2913 elementis
1432 2845 1574 2911 adniten-

447 2951 532 3016 tibus
547 2943 721 3016 obruerunt.
739 2951 853 3032 scripta
867 2969 972 3016 eorum
989 2950 1101 3035 relege,
1117 2951 1169 3016 uel
1181 2950 1208 3016 si
1221 2951 1369 3016 Romanis
1381 2949 1482 3033 magis
1497 2949 1604 3032 geu-4

445 3054 512 3133 des,
528 3054 565 3118 ut
575 3054 767 3118 transeamus
782 3055 911 3131 ueteres,
928 3053 1034 3136 [Flaui
1043 3053 1169 3135 Josephi
1183 3053 1248 3137 uel]
1260 3053 1389 3119 Antonii
1406 3052 1521 3118 Iuliani
1535 3053 1574 3117 de

500 3309 515 3364 1
535 3308 589 3363 Deo
600 3309 680 3377 plena
695 3309 827 3363 Vrsinus:
851 3309 898 3363 deo
912 3309 1027 3378 ‘cognita
1047 3310 1126 3378 plena
1143 3310 1193 3378 Pr,
1207 3309 1261 3362 1166
1274 3311 1368 3362 cuncta
1379 3309 1459 3378 plene
1469 3309 1502 3362 P.
1512 3308 1573 3361 Da·

444 3393 503 3447 66161
523 3400 549 3448 61
561 3395 717 3463 Μ66661666;
730 3396 765 3461 ef.
783 3395 880 3449 Hasd.
893 3395 931 3449 661
941 3394 1101 3463 Wopbeasii
1112 3395 1181 3449 16011.
1199 3394 1269 3449 Tell.
1281 3411 1308 3462 p.
1323 3397 1375 3447 314
1387 3400 1443 3447 6161.
1513 3393 1532 3448 2
1545 3392 1574 3445 in

444 3479 502 3533 sole
514 3480 563 3544 Pr,
578 3496 624 3533 666.
643 3480 774 3534 Gelenius
826 3480 844 3537 3
863 3480 918 3534 6616
934 3481 964 3545 Ρ,
977 3481 1076 3535 666166
1138 3479 1159 3535 4
1177 3483 1203 3532 61
1215 3479 1243 3532 P
1253 3479 1296 3548 (661
1308 3479 1365 3532 6166
1377 3480 1458 3546 iufra
1469 3493 1574 3546 quoque

447 3582 475 3619 6.
489 3569 523 3618 13
534 3566 567 3619 ie
579 3567 606 3619 P
617 3567 749 3634 seriptum
761 3568 828 3634 661).·
846 3566 917 3620 enim
928 3583 944 3620 r
995 3566 1014 3622 8
1033 3565 1078 3619 sed
1090 3581 1149 3619 oum
1161 3580 1177 3618 r
1189 3571 1215 3619 et
1229 3565 1381 3619 Heumann
1401 3566 1413 3633 ΙΙ
1433 3563 1481 3617 1116
1493 3579 1574 3633 prope

444 3649 560 3704 dixerim
570 3651 687 3705 Vrsinus
729 3651 764 3708 11
785 3653 885 3705 statum
895 3683 928 3691 -
937 3650 1044 3705 diuersa
1052 3650 1208 3705 Meursios:
1221 3651 1278 3703 tam
1287 3681 1319 3688 —
1330 3649 1455 3703 uniuersa
1467 3650 1501 3714 P,
1511 3651 1573 3703 tan·

447 3736 684 3790 tum—uniuersa
705 3753 732 3801 r,
754 3737 1063 3791 statum—uniuersum
1083 3737 1250 3791 0661606666
1255 3777 1264 3804 ,
1288 3742 1434 3804 antequam
1454 3735 1576 3790 Mearsii

446 3822 663 3876 emendationem
674 3837 859 3892 cognoscerem
906 3822 943 3878 12
961 3824 1091 3876 nonerunt
1112 3822 1153 3875 P:
1174 3838 1270 3876 nouere
1291 3822 1350 3876 edd.
1368 3823 1380 3890 ΙΙ
1397 3820 1504 3876 iudiciis
1524 3838 1541 3876 r

449 3908 486 3964 13
499 3923 550 3961 non
562 3908 634 3961 enim
646 3908 731 3961 solum
742 3908 772 3962 in
783 3909 866 3963 606116
876 3924 940 3962 uos:
952 3924 1004 3962 nen
1017 3908 1046 3961 in
1058 3908 1142 3962 solum
1155 3908 1237 3961 oeulis
1247 3909 1286 3972 P,
1300 3907 1389 3962 Solum
1402 3908 1431 3961 in
1442 3923 1464 3961 0.
1478 3924 1506 3973 6,
1519 3909 1576 3962 Ν60

445 3993 533 4047 solnm
543 3994 571 4046 in
583 4009 620 4047 66.
635 3994 756 4048 Sabaeas
767 3995 800 4048 16
804 3994 992 4063 praefatione,
1001 4010 1054 4048 non
1066 3993 1152 4048 solum
1163 3993 1192 4046 in
1205 4009 1226 4047 6.
1245 3994 1329 4063 welpo
1345 3995 1357 4062 11
1375 3993 1420 4047 sed
1432 3994 1461 4047 in
1472 3993 1502 4047 in
1514 3993 1574 4047 sinu

449 4080 482 4143 P,
495 4079 581 4133 sedin
591 4095 711 4145 erasum,
725 4079 770 4133 sed
783 4082 811 4133 et
822 4079 851 4133 in
863 4080 923 4133 sinu
935 4079 995 4133 edd.
1050 4079 1222 4135 14166666
1275 4079 1312 4135 17
1331 4079 1433 4148 experti
1450 4081 1575 4134 sunteas

447 4167 650 4235 suppressam
662 4165 753 4221 66111666
765 4167 841 4221 loeas
851 4168 891 4221 sic
902 4167 1084 4221 scribebatur:
1097 4183 1159 4220 nam
1171 4168 1199 4219 et
1207 4166 1261 4235 ipsi
1269 4167 1355 4221 Deum
1362 4168 1490 4231 nostrum,
1503 4166 1575 4220 idem

446 4252 519 4305 enim
540 4267 562 4306 6.
585 4253 656 4306 Deus
669 4254 723 4318 est,
742 4252 870 4321 quamdiu
882 4269 942 4306 eum
953 4254 1053 4306 66616..
1073 4252 1211 4306 coluerunt
1228 4257 1274 4306 ete.
1297 4251 1436 4320 (quamdiu
1453 4252 1525 4306 enim
1542 4256 1575 4306 ed

444 4339 526 4393 166161
539 4341 575 4409 Ρ)
639 4340 677 4396 22
695 4339 795 4408 gaudes
808 4339 836 4392 P
846 4355 915 4393 0066.
929 4338 1050 4408 agendis
1114 4338 1152 4394 23
1170 4337 1270 4406 iosaepi
1283 4338 1330 4402 P',
1349 4338 1433 4407 iosepi
1445 4338 1473 4391 P
1489 4353 1557 4392 0666.
1564 4357 1574 4405 ;

445 4424 529 4478 Flaui
538 4425 588 4478 Ios.
602 4425 647 4478 uel
658 4426 788 4494 glossema
800 4440 855 4478 esse
863 4425 1000 4478 intellexit
1008 4423 1144 4478 Doureios
1154 4423 1264 4492 (relege,
1282 4425 1314 4476 ut
1323 4425 1489 4476 transeamus
1501 4425 1574 4477 uete-

446 4525 502 4575 res,
521 4511 566 4564 uel
580 4511 661 4564 Flaui
678 4510 797 4580 Iosephi,
816 4510 949 4564 6616111.
966 4510 1054 4579 magis
1071 4509 1185 4579 gaudes,
1206 4510 1269 4563 Ant.
1282 4494 1382 4562 luliani
1398 4508 1531 4578 Liredaer)
1551 4509 1563 4577 ΙΙ

446 4595 553 4650 antonii
562 4597 596 4659 P,
609 4596 655 4649 sed
667 4595 689 4648 ii
701 4597 733 4650 16
744 4612 847 4650 rosera
859 4612 893 4651 06
904 4595 1041 4661 antonini,
1059 4602 1092 4651 661
1103 4595 1216 4650 uidetur
