4050 5559
441 612 485 675 12
510 614 512 619 ’
863 606 1004 685 Minucii
1022 606 1151 661 Felicis

444 800 611 866 cognomen
631 781 774 864 adposuit
796 781 977 863 antiquitas,
1001 781 1055 863 qui
1076 783 1204 862 uterque
1224 780 1328 845 nullos
1349 780 1421 844 deos
1439 781 1566 846 adseue-

444 885 538 949 rando
553 884 698 949 timorem
713 902 851 962 omnem,
874 904 932 966 quo
947 884 1124 948 humanitas
1139 883 1268 967 regitur,
1281 883 1567 964 uenerationcmque

444 988 567 1069 penitus
583 987 790 1051 sustulerunt:
805 1006 973 1069 numquam
988 987 1093 1051 tamen
1107 987 1139 1051 in
1154 987 1211 1050 hac
1226 987 1385 1069 inpietatis
1406 987 1568 1069 disciplina

410 1090 611 1155 ‘dsimulatae
632 1090 841 1171 philosophiae
855 1091 977 1155 nomine
997 1091 1090 1171 atque
1105 1090 1288 1154 auctoritate
1303 1089 1471 1171 pollebunt.
1496 1109 1566 1154 cum

443 1191 613 1256 Abderiten
639 1192 841 1276 Protagoram
867 1191 1067 1257 Athenienses
1096 1193 1156 1257 uiri
1187 1193 1324 1258 consulte
1345 1193 1447 1276 potius
1473 1212 1600 1275 quami

443 1296 569 1377 profane
584 1297 622 1361 de
637 1295 803 1361 diuinitate
819 1295 1027 1378 disputantem
1043 1296 1074 1360 et
1090 1295 1261 1377 expulerint
1276 1295 1340 1359 suis
1360 1295 1473 1360 finibus
1489 1297 1520 1376 et
1534 1295 1566 1360 in

444 1398 583 1463 contione
598 1398 663 1462 eius
679 1399 794 1481 scripta
809 1398 995 1475 deusserint,
1019 1398 1094 1480 quid
1109 1398 1248 1462 homines
1264 1398 1470 1482 (sustinebitis
1485 1398 1566 1462 enim

443 1520 494 1565 me
509 1500 661 1584 impetum
682 1504 841 1582 susceptae
857 1501 984 1565 actionis
1010 1500 1136 1565 liberius
1152 1500 1337 1583 exerentem)
1352 1501 1502 1577 homines,
1517 1501 1566 1564 in·

444 1623 553 1685 quam,
579 1604 771 1686 deploratae,
793 1604 931 1668 inlicitae
959 1621 994 1668 ac
1016 1603 1192 1686 desperatae
1215 1603 1357 1668 factionis
1379 1603 1513 1687 grassari
1533 1603 1567 1666 in

410 1705 515 1771 4deos
529 1726 589 1772 non
604 1707 872 1790 ingemescendum
884 1707 951 1770 est?
974 1707 1027 1788 qui
1043 1706 1080 1771 de
1095 1706 1208 1771 ultima
1223 1707 1305 1771 faece
1317 1706 1453 1772 collectis
1468 1707 1600 1790 impe-10

443 1810 602 1875 ritioribus
623 1811 655 1874 et
675 1809 858 1875 mulieribus
880 1809 1011 1874 credulis
1036 1828 1124 1874 sexus
1146 1810 1194 1875 sui
1215 1810 1368 1875 facilitate
1392 1810 1566 1875 labentibus

443 1913 564 1994 plebem
592 1913 735 1994 profanae
764 1913 979 1978 coniurationis
1005 1913 1189 1992 instituunt,
1216 1933 1293 1996 quae
1314 1913 1470 1979 nocturnis
1496 1931 1566 1978 con·

442 2016 675 2099 gregationibus
691 2016 722 2080 et
737 2015 860 2080 ieiuniis
876 2017 1076 2081 sollemnibus
1091 2018 1122 2081 ot
1133 2017 1309 2081 inhumanis
1324 2017 1401 2082 cibis
1413 2034 1472 2080 non
1484 2034 1567 2080 sacro

444 2119 591 2200 quodam,
613 2120 667 2183 sed
687 2119 807 2200 piaculo
830 2119 1018 2197 foederatur,
1041 2119 1194 2184 latebrosa
1214 2121 1245 2184 et
1259 2118 1398 2202 lucifuga
1412 2118 1511 2196 natio,
1534 2118 1566 2183 in

361 2298 363 2303 Ι
443 2221 603 2303 publicum
619 2224 722 2301 muta,
740 2222 773 2286 in
787 2223 910 2307 angulis
925 2222 1066 2307 garrula:
1087 2223 1204 2304 templa
1217 2223 1253 2286 ut
1272 2222 1364 2286 busta
1383 2221 1565 2303 despiciunt,
1574 2251 1599 2292 15

443 2325 515 2389 deos
530 2325 699 2407 despuunt,
721 2325 822 2390 rident
841 2344 941 2402 sacra,
962 2325 1148 2390 miserentur
1167 2325 1272 2389 miseri
1286 2325 1365 2406 ipsi,
1392 2324 1418 2389 si
1439 2324 1485 2388 fas
1507 2324 1562 2400 est,

410 2428 650 2506 esacerdotum,
670 2429 798 2494 honores
813 2429 844 2494 et
857 2447 1007 2510 purpuras
1028 2428 1214 2510 despiciunt,
1235 2428 1295 2509 ipsi
1318 2428 1484 2505 seminudi,
1505 2444 1560 2509 pro

442 2531 522 2596 mira
538 2531 674 2596 stultitia
689 2534 721 2597 et
735 2531 924 2596 incredibilis
942 2531 1085 2595 audacia!
1108 2533 1254 2612 spernunt
1265 2532 1417 2595 tormenta
1427 2549 1567 2612 praesen-

443 2634 503 2712 tia,
519 2635 595 2699 dum
615 2635 732 2700 incerta
752 2636 895 2699 metuunt
916 2636 947 2699 et
970 2634 1089 2709 futura,
1111 2635 1143 2697 et
1164 2633 1238 2697 dum
1253 2633 1330 2697 mori
1344 2635 1414 2714 post
1436 2633 1567 2697 mortem

442 2737 571 2815 timent,
593 2737 720 2802 interim
742 2737 820 2801 mori
835 2755 895 2800 non
910 2736 1038 2801 timent:
1071 2736 1117 2801 ita
1132 2736 1197 2800 illis
1225 2754 1368 2818 pauorem
1384 2735 1478 2800 fallar
1498 2753 1600 2817 spesao

444 2840 555 2905 solacio
571 2841 709 2905 rediuiua
724 2839 892 2904 blanditur.

412 2943 434 3004 9
485 2941 634 3019 Asiam,
676 2944 712 3007 ut
732 2942 890 3007 fecundius
918 2943 1063 3026 nequiora
1086 2943 1284 3029 proueniunt,
1311 2941 1503 3023 serpentibus
1534 2941 1566 3005 in

444 3042 509 3109 dies
530 3044 660 3126 perditis
680 3044 816 3110 moribus
838 3065 893 3129 per
907 3049 1085 3113 uniuersum
1101 3050 1206 3129 orbem
1226 3046 1358 3112 sacraria
1378 3046 1438 3108 ista
1452 3044 1566 3108 taeter-

494 3216 514 3272 4
532 3215 658 3270 filosofiae
670 3217 698 3270 P
719 3217 731 3285 ll
754 3216 868 3286 pollebit
879 3233 914 3272 sc.
927 3217 974 3270 ille
987 3220 1024 3286 (p.
1039 3224 1078 3283 11,
1098 3221 1144 3286 23)
1158 3217 1294 3271 Dauisius
1347 3217 1365 3274 5
1383 3214 1566 3269 Abderitemr

454 3302 466 3368 ΙΙ
482 3301 656 3371 Protagoram
668 3318 697 3355 r:
715 3302 839 3372 pitagord
852 3303 879 3356 P
895 3305 907 3371 ΙΙ
924 3303 977 3357 uiri
989 3305 1106 3358 consulte
1128 3305 1169 3357 P:
1188 3301 1336 3357 inconsulte
1351 3301 1470 3355 Vrsinus
1478 3321 1488 3368 ,·
1504 3305 1566 3368 post

322 3397 325 3401 ’
442 3387 497 3440 uiri
512 3388 632 3442 Vseuero
645 3389 783 3456 epithetou
792 3389 965 3443 intercidisse
976 3390 1091 3444 uidetur
1134 3388 1193 3444 fide
1205 3387 1349 3441 diuinitate
1361 3402 1439 3440 orur
1482 3386 1566 3438 lcon-

440 3472 515 3526 cioue
528 3473 587 3527 edd.
612 3476 624 3542 Η
647 3473 747 3527 scribta
760 3474 787 3526 P
808 3477 820 3542 Η
839 3473 1010 3528 deriserintr
1073 3474 1091 3530 9
1109 3473 1230 3526 inlicitae
1243 3474 1277 3537 P,
1295 3479 1327 3526 ut
1339 3473 1409 3526 coui.
1430 3471 1563 3536 Vrsiuus:

443 3558 553 3612 inclitae
570 3575 597 3623 r,
617 3558 773 3628 inquinatae
791 3561 825 3613 Ρ.
843 3560 958 3624 Dauid,
986 3560 1139 3629 deploratae
1161 3558 1283 3612 malitiae
1306 3559 1361 3625 (uel
1381 3556 1515 3625 inscitiae)
1536 3571 1565 3609 ac

440 3643 512 3712 desp.
536 3644 628 3699 Voucd·
639 3645 709 3699 lecit.
718 3646 763 3698 lot.
772 3662 803 3713 p.
817 3648 852 3698 54
896 3645 934 3702 10
945 3645 1171 3714 ingemiscendum
1181 3644 1241 3698 cdd.
1260 3647 1272 3713 ΙΙ
1290 3644 1344 3697 fece
1355 3644 1381 3697 P
1426 3643 1461 3699 11
1475 3642 1565 3695 laben-

441 3729 556 3782 dibusP
611 3731 647 3786 12
661 3730 827 3784 constituunt
843 3731 945 3786 Vseuer
962 3733 974 3799 ΙΙ
990 3747 1057 3800 quac
1070 3732 1126 3784 Pr:
1146 3731 1191 3798 qm·
1204 3731 1355 3784 Heumuuu
1417 3728 1453 3784 13
1472 3729 1565 3780 solem-

443 3814 551 3868 nibusr
573 3817 584 3883 ΙΙ
605 3815 728 3869 humanis
742 3817 872 3870 Liuduer
929 3818 966 3873 14
984 3817 1134 3870 foederatur
1154 3816 1274 3870 Vublcu:
1292 3815 1461 3869 foederantur
1478 3815 1520 3867 Pr
1543 3815 1554 3882 ΙΙ

442 3901 563 3968 lucifuga
580 3901 731 3956 Hcicmduu
748 3908 773 3956 et
793 3903 848 3956 idm
869 3908 934 3956 oute
951 3904 983 3957 P.
1002 3903 1107 3956 Duuiel
1119 3901 1207 3970 (apud
1223 3901 1402 3968 Wcrccruru):
1430 3899 1565 3968 lucifugax

443 3988 486 4041 Pr
551 3987 588 4042 14
606 3987 635 4039 in
652 3986 792 4056 publicor
856 3988 893 4044 16
917 3988 1079 4042 miserantur
1105 3988 1223 4043 Vrsinus
1245 3989 1258 4054 ll
1285 3986 1338 4055 ipsi
1356 3986 1515 4039 addidimus

445 4072 482 4129 18
500 4072 569 4125 mira
581 4074 609 4126 P
619 4088 688 4127 corr.
706 4089 740 4127 erc
757 4074 866 4142 miram,
885 4081 917 4129 ut
934 4075 1048 4128 uidetur
1053 4095 1063 4141 ;
1081 4090 1114 4128 cc
1131 4089 1198 4127 acue
1216 4078 1386 4141 aspecturus:
1404 4087 1452 4140 pro
1469 4070 1567 4123 miram

443 4158 593 4212 stultitiam
602 4161 630 4211 ct
642 4158 824 4212 incredibilem
837 4160 974 4213 audaciam
991 4165 1002 4227 ΙΙ
1020 4158 1186 4215 incredibilis
1191 4158 1226 4226 P,
1236 4159 1284 4212 sed
1296 4174 1397 4210 rasura
1408 4159 1514 4224 focium
1525 4155 1566 4208 in·

442 4244 566 4298 credibili
620 4244 656 4300 19
674 4247 799 4298 metuunt
818 4245 909 4298 futura
925 4246 1029 4300 Vseuer
1079 4245 1117 4301 20
1133 4260 1257 4313 pauorem
1277 4244 1315 4298 P:
1333 4258 1414 4311 pauor
1426 4244 1500 4309 etr,·
1517 4256 1565 4310 pa-

443 4347 536 4384 uorum
558 4332 640 4384 111111
661 4332 825 4401 Aucuyruus
837 4333 869 4385 iu
889 4332 1005 4386 Miscell.
1030 4331 1138 4386 Obseru.
1158 4332 1183 4398 I,
1200 4347 1231 4398 p.
1249 4333 1288 4383 27
1292 4349 1302 4397 ,·
1328 4344 1452 4398 pauorem
1470 4327 1566 4381 fallens

443 4416 578 4471 Dombcrt
590 4417 648 4470 coll.
661 4421 687 4484 3,
701 4421 736 4483 4,·
753 4432 836 4485 praua
854 4420 881 4469 et
892 4416 975 4469 111111
992 4433 1053 4485 spes
1070 4416 1219 4484 Wopbeus,
1242 4429 1339 4484 pauore
1359 4413 1442 4467 fallax
1454 4429 1514 4481 spes
1526 4427 1566 4465 sc·

442 4501 514 4556 lacia
525 4503 579 4556 red.
592 4502 728 4557 Duuisius
773 4503 810 4558 21
825 4502 921 4555 solatio
931 4502 1052 4556 rediuiuo
1064 4519 1095 4565 r,
1114 4501 1211 4555 solacia
1223 4499 1345 4554 rediuiua
1358 4501 1386 4553 P
1437 4499 1475 4556 23
1494 4515 1567 4553 sacra

443 4589 596 4643 Heumuuu
618 4591 630 4657 ΙΙ
652 4588 793 4643 teterrima
806 4590 848 4642 Pr
860 4590 898 4656 (p.
910 4591 953 4656 13,
963 4591 1001 4642 23
1015 4590 1043 4642 P
1053 4594 1124 4643 recte
1137 4588 1234 4656 taeter)
