4050 5559
459 659 502 722 34
840 651 843 657 ’
873 655 1015 710 Minucii
1033 656 1160 710 Felicis

411 819 449 874 11
459 812 669 894 suspenditur,
686 811 835 889 caeditur,
853 812 990 890 dolatur,
1007 812 1196 879 runcinatur.
1214 816 1244 880 et
1259 815 1333 879 deus
1348 832 1453 878 aereus
1465 814 1516 878 uel
1531 831 1581 878 ar-

459 917 587 1000 genteus
614 915 652 979 de
673 914 832 978 immundo
854 915 996 992 6666616,
1026 916 1063 979 61
1084 917 1257 998 accepimus
1285 917 1403 982 factum
1424 916 1582 1001 Aegyptio

458 1018 535 1102 regi,
548 1015 705 1095 conflatur,
718 1017 860 1081 trmditur
872 1017 994 1083 malleis
1007 1019 1038 1082 61
1049 1017 1086 1081 irc
1098 1018 1261 1085 incudibus
1274 1019 1440 1102 figuratur:
1457 1021 1488 1084 61
1502 1018 1583 1101 lapi-

460 1122 534 1186 deus
545 1119 620 1184 deas
631 1121 778 1198 caeditur,
791 1119 941 1203 scalpitur
954 1122 985 1185 et
999 1120 1038 1184 ab
1051 1120 1205 1204 impurato
1217 1122 1340 1188 homine
1351 1121 1515 1205 leuigatur,
1528 1139 1584 1186 666

434 1257 436 1260 ·
460 1224 555 1313 sentit
570 1241 641 1288 suae
655 1223 831 1289 natiuitatis
845 1222 1000 1301 iniuriam,
1017 1223 1063 1287 ita
1077 1225 1113 1288 ut
1127 1243 1182 1288 666
1196 1225 1303 1306 postea
1318 1224 1355 1288 de
1370 1225 1475 1288 uestra
1489 1241 1584 1288 uene-
1606 1255 1619 1293 6

459 1327 575 1391 1611666
591 1327 760 1391 culturam:
776 1326 836 1390 6161
851 1325 930 1391 forte
944 1326 1080 1390 noudum
1106 1327 1180 1391 deus
1200 1345 1308 1390 661616
1323 1327 1370 1392 661
1385 1326 1436 1390 661
1460 1325 1585 1409 lignum

411 1431 512 1494 13661
526 1431 697 1514 argentum.
714 1429 834 1512 quando
849 1429 946 1513 igitur
956 1429 1007 1493 hic
1021 1429 1179 1493 nascitur?
1194 1448 1262 1494 ecce
1277 1429 1433 1507 funditur,
1450 1428 1585 1494 fabrica·

461 1535 529 1612 tur,
545 1533 710 1614 sculpitur:
737 1533 872 1598 nondum
888 1530 962 1596 deus
983 1533 1048 1596 est:
1075 1551 1142 1597 ecce
1162 1532 1358 1615 plumbatur,
1384 1531 1585 1610 construitur,

461 1636 605 1720 erigitur:
621 1653 676 1700 uec
690 1634 791 1701 adhuc
806 1637 880 1700 deus
895 1636 956 1700 est:
991 1653 1059 1699 ecce
1074 1636 1215 1712 ematur,
1237 1635 1444 1713 consecratur,
1463 1635 1584 1699 oratur:

460 1739 534 1803 tunc
549 1739 703 1821 postremo
718 1737 792 1802 deus
808 1739 870 1817 est,
886 1755 957 1801 cum
971 1736 1063 1802 homo
1078 1737 1170 1802 illum
1184 1738 1286 1802 uoluit
1300 1738 1331 1802 61
1346 1737 1509 1802 dedicauit.
1596 1771 1622 1810 ιο

411 1846 451 1908 al
504 1838 626 1918 Quanto
640 1839 744 1904 uarius
759 1839 796 1904 de
811 1839 871 1903 diis
885 1839 998 1904 uestris
1024 1840 1170 1904 animalia
1189 1841 1277 1904 muta
1296 1839 1481 1905 naturaliter
1495 1840 1586 1904 iudi-

462 1945 548 2008 cant!
578 1961 696 2021 mures,
732 1942 926 2020 hirundines,
955 1941 1047 2006 milui
1061 1962 1121 2007 non
1136 1943 1248 2008 sentire
1263 1960 1313 2007 eos
1328 1942 1445 2007 sciunt:
1461 1943 1585 2020 rodunt,

460 2046 632 2123 1661116661,
647 2045 796 2124 16611661,
812 2064 848 2110 66
861 2045 923 2110 6161
937 2045 1087 2129 abigatis,
1103 2046 1136 2110 in
1151 2046 1216 2128 ipso
1238 2046 1288 2111 dei
1303 2046 1399 2110 666111
1414 2046 1586 2111 616611111-

463 2151 549 2215 cant:
565 2166 690 2213 araneac
704 2166 776 2214 uero
792 2148 902 2214 faciem
922 2148 988 2212 eius
1003 2148 1144 2213 intexunt
1164 2149 1248 2213 etde
1268 2148 1334 2230 ipso
1350 2147 1449 2229 capite
1463 2165 1519 2211 666
1533 2146 1588 2212 fila

436 2251 661 2335 reuspendunt.
689 2270 744 2317 uos
759 2251 897 2335 tergetis,
913 2251 1082 2329 mundatis,
1098 2251 1225 2315 eraditis
1248 2251 1279 2316 et
1294 2250 1374 2328 illos,
1391 2249 1623 2332 6666166111616

463 2355 637 2439 protegitis,
649 2355 820 2432 6111616116,
836 2354 911 2418 dum
925 2353 1285 2436 66666111666666611616
1299 2372 1359 2418 nou
1372 2354 1490 2437 cogitat
1500 2352 1586 2435 prius

464 2478 497 2524 66
508 2458 615 2523 debere
630 2459 721 2524 deum
744 2476 832 2523 nosse
846 2477 940 2540 quam
954 2457 1072 2536 colere,
1098 2457 1174 2521 dum
1188 2457 1358 2522 1666666116
1379 2458 1517 2541 gestiunt
1531 2475 1587 2539 pa-

462 2562 602 2628 rentibus
617 2562 773 2639 oboedire,
789 2562 865 2625 dum
879 2561 946 2625 fieri
960 2560 1082 2625 malunt
1108 2559 1200 2624 alieni
1220 2560 1329 2624 erroris
1344 2559 1474 2624 accessio
1493 2576 1588 2641 quam

462 2665 523 2729 sibi
537 2665 675 2744 credere,
691 2665 767 2729 dum
781 2664 860 2728 nihil
875 2683 911 2728 61
925 2663 974 2728 his
989 2682 1067 2746 quae
1082 2662 1196 2727 timent
1211 2664 1332 2728 norunt.
1360 2663 1452 2727 sicin
1467 2679 1539 2726 auro
1555 2662 1588 2726 et

461 2770 588 2852 argento
600 2768 734 2833 auaritia
745 2768 920 2832 consecrata
934 2768 996 2843 661,
1013 2766 1058 2830 616
1069 2766 1242 2830 6161661616
1252 2764 1392 2830 inanium
1408 2764 1628 2848 consignatam

462 2870 580 2947 forma,
597 2871 728 2934 6166616
744 2869 882 2932 Romana
897 2868 1090 2950 superst'tio:
1107 2886 1237 2950 quorum
1258 2867 1337 2931 ritus
1358 2867 1386 2932 si
1400 2885 1588 2950 percenseas

436 2972 589 3040 arideuda
603 2991 697 3054 quam
711 2970 826 3048 multa,
853 2991 950 3051 66666
964 2970 1067 3035 matta
1082 2971 1177 3036 611616
1203 2970 1376 3035 miseranda
1391 2969 1481 3033 sunt!
1510 2967 1589 3033 nudi

463 3075 557 3140 cruda
572 3073 672 3139 hieme
687 3073 877 3151 discurrunt,
904 3073 959 3138 6111
974 3074 1120 3139 16661661
1135 3073 1269 3157 pilleati,
1298 3074 1385 3138 scuta
1408 3073 1513 3136 uetera
1527 3071 1589 3135 cir-

463 3176 655 3255 cumferunt,
681 3177 776 3260 pelles
797 3177 941 3254 caedunt,
968 3177 1176 3241 mendicantes
1203 3175 1331 3240 uicatim
1356 3175 1427 3240 deos
1454 3174 1587 3238 ducunt:

518 3422 644 3477 lacteus
661 3417 807 3472 Gelestae:
827 3433 902 3471 61666
915 3417 953 3482 P,
981 3431 1111 3480 6616666,
1140 3430 1234 3468 661666
1252 3413 1374 3469 (16161666
1438 3412 1506 3467 261
1518 3425 1592 3464 acce-

462 3507 551 3577 pimus
567 3505 646 3560 Vocat
657 3504 690 3558 L.
704 3503 737 3558 L.
747 3519 776 3572 p.
791 3505 842 3558 56:
861 3504 892 3556 ut
904 3500 1011 3570 saepius
1024 3501 1067 3554 Pr
1076 3520 1086 3568 ,-
1103 3500 1161 3554 1666
1183 3499 1337 3554 (1616166666
1358 3500 1389 3551 61
1409 3496 1525 3564 legimus
1545 3495 1593 3549 661

463 3595 494 3646 61
515 3592 612 3646 scimus
624 3591 816 3659 1661666661·
835 3588 869 3642 616
880 3603 910 3642 66
922 3588 955 3653 cf.
969 3586 1100 3640 Herodot.
1115 3588 1180 3653 2,1,
1194 3588 1231 3640 72
1292 3584 1310 3640 3
1328 3584 1358 3637 in
1372 3581 1484 3637 addidit
1493 3581 1592 3634 Meur-

462 3678 522 3732 6166
529 3698 538 3745 ,·
551 3678 586 3743 cf.
596 3693 625 3746 p.
637 3675 844 3744 3311116661,
859 3676 884 3742 Ι,
897 3677 949 3740 39,·
962 3672 1054 3726 16166.
1067 3672 1138 3739 (siae
1149 3673 1187 3740 61)
1198 3671 1339 3725 1176666666
1373 3660 1594 3724 416661111111

468 3765 575 3819 761166
590 3765 602 3831 1)
619 3763 749 3832 sculpitur
760 3762 794 3816 de
805 3762 941 3828 Marsico,
954 3776 1099 3828 operarum
1108 3758 1261 3813 6161616166
1271 3771 1363 3811 666666
1378 3758 1390 3825 1)
1407 3754 1540 3823 impurato
1550 3753 1592 3806 P:

465 3850 617 3919 impetitor
669 3848 862 3917 8scalpiturr
921 3845 1049 3902 10111616
1060 3846 1096 3899 P:
1110 3844 1185 3897 iller
1210 3846 1222 3912 Ι)
1248 3842 1335 3897 661611
1348 3842 1389 3895 Ρ.·
1406 3838 1592 3893 6661111666-

463 3938 535 4002 6166,
553 3936 784 3990 661611116616166
836 3935 872 3991 11
892 3935 996 4000 Quanto
1008 3932 1098 3986 uerius
1108 3931 1240 3985 Vrsinus:
1259 3930 1359 3998 666616
1372 3943 1434 3981 6616
1447 3927 1497 3994 Ρ6,
1511 3939 1594 3992 quam

464 4040 526 4078 6616
538 4022 690 4089 Darabart;
707 4021 803 4077 Vrsirca'
814 4021 998 4075 6661666666
1012 4020 1055 4072 ita
1068 4017 1204 4086 probabat
1215 4016 1413 4077 Η666666666,
1435 4017 1467 4066 61
1484 4011 1595 4064 natura-

463 4110 529 4163 liter
545 4108 692 4164 1616661166
713 4112 832 4161 66666661
897 4105 933 4162 12
951 4104 1029 4158 milui
1044 4103 1117 4172 (nam
1128 4118 1181 4156 non
1193 4119 1213 4156 6.
1226 4117 1270 4156 666
1283 4100 1382 4167 661661)
1395 4099 1548 4152 Hermesta
1570 4095 1584 4163 1)

464 4196 562 4250 rodunt
576 4195 729 4249 Wocoeras:
742 4195 841 4246 norunt
853 4193 895 4246 Pr
948 4190 985 4247 13
998 4188 1131 4242 insultant
1142 4189 1171 4257 (r'.
1184 4204 1205 4241 6.
1220 4186 1405 4255 conspurcant)
1420 4183 1560 4239 Woroeras

467 4282 505 4340 15
522 4280 632 4350 tergitis
650 4297 665 4335 r
687 4282 699 4352 1)
723 4295 787 4349 6666
807 4278 898 4332 facitis
919 4279 947 4330 et
967 4275 1118 4346 protegitis,
1140 4275 1244 4329 timetis
1261 4273 1405 4328 Maarsares
1469 4266 1594 4326 181661-

466 4369 527 4421 lunt
540 4369 567 4422 P
619 4367 656 4423 22
675 4382 755 4435 quam
766 4365 852 4419 multa
865 4380 945 4434 quam
957 4362 1044 4416 multa
1055 4363 1219 4416 Hebraeas:
1237 4376 1317 4429 66616
1337 4358 1423 4412 616116
1446 4357 1493 4420 Pr,
1513 4369 1596 4423 quam

348 4498 351 4504 ,
466 4453 567 4517 multa,
585 4453 671 4506 multa
693 4452 823 4506 Gelenius
879 4450 918 4507 23
935 4449 1088 4503 discurrunt
1108 4447 1169 4512 alii,
1190 4446 1238 4500 6111
1259 4445 1309 4499 inc.
1332 4444 1484 4497 Η6616666
1506 4441 1519 4507 ΙΙ
1541 4438 1595 4508 pil·

466 4539 533 4593 leati
546 4540 587 4593 P:
600 4537 696 4607 pileati
708 4537 767 4592 edd.
821 4537 859 4592 24
870 4535 961 4605 palues
970 4534 1136 4588 Menoetius
1149 4531 1198 4601 (61
1207 4530 1359 4600 Polycarpc'
1370 4529 1446 4596 epist.
1461 4527 1503 4593 II,
1517 4525 1595 4591 366),

466 4625 555 4694 peltas
570 4626 694 4694 Caperes
715 4627 727 4693 1)
747 4623 859 4677 61661116
875 4622 1019 4676 1161661661
1038 4620 1158 4674 61666166
1171 4619 1214 4672 Ρ6
1495 4650 1498 4653 ·
