4050 5559
412 571 438 619 X

413 736 510 798 recte
533 724 712 798 dicentem
740 752 847 823 quam
867 726 973 798 unius
992 726 1214 799 detractione
1234 727 1374 801 soloece
1392 728 1544 826 loquen-

412 856 486 919 tem
510 846 624 919 facere
647 845 855 936 maluimus,
879 847 995 919 codex
1019 846 1115 918 enim
1138 873 1210 919 non
1235 847 1452 937 immoletur,
1477 851 1543 923 sed

415 964 636 1038 immoloetur
657 964 775 1038 habet.

466 1084 550 1184 Cap.
574 1089 608 1175 8,
628 1088 651 1157 4
674 1086 766 1159 hanc
787 1085 979 1159 lectionem
1001 1085 1171 1159 traditam
1190 1097 1225 1160 et
1245 1086 1427 1186 uulgatam
1448 1081 1544 1162 ‘tom-

407 1205 478 1304 plo
500 1217 541 1278 ut
562 1205 664 1279 busto
687 1205 897 1304 despiciunt,
935 1206 1018 1280 deos
1048 1208 1238 1303 despuunt,
1279 1207 1396 1280 rident
1424 1233 1542 1299 sucro,

413 1325 619 1400 miscreatur
639 1326 805 1416 miseri,
833 1329 867 1401 ai
886 1328 954 1423 fos
977 1339 1040 1416 est,
1068 1327 1308 1416 sacerdotum,
1338 1327 1484 1401 honoros
1515 1340 1546 1402 ot

390 1470 595 1542 ‚purpuras
618 1445 816 1542 despiciunt
837 1446 925 1543 ipsi
945 1446 1123 1520 seminudi
1139 1438 1216 1520 etc'
1243 1447 1395 1520 tolerare
1418 1447 1544 1545 nequi·

414 1564 543 1656 uimus,
563 1567 626 1638 sed
644 1567 813 1638 audacter
832 1564 1059 1665 scripsimus:
1078 1566 1285 1640 miserentur
1303 1567 1423 1640 miseri
1437 1567 1543 1665 ipsi,

412 1684 446 1757 si
468 1686 536 1782 fos
563 1697 631 1775 est,
659 1687 891 1769 sacerdotum.
930 1712 1012 1758 nam
1036 1685 1107 1760 nisi
1128 1712 1328 1785 pronomen
1353 1688 1428 1784 ipsc
1449 1688 1544 1762 adie-

413 1805 524 1895 cerm,
553 1805 767 1880 sententiam
791 1807 1036 1905 imperfectam
1069 1807 1184 1881 uideri
1217 1808 1335 1907 quiuis
1350 1808 1544 1907 'intelleget

415 1925 477 2024 qui
501 1927 611 1999 uerba
633 1925 693 1998 illa
714 1927 752 1998 in
771 1952 975 2001 sermonem
996 1954 1101 2001 suum
1121 1939 1263 2002 uertere
1283 1928 1447 2002 uoluerit.
1477 1954 1544 2002 nec

413 2046 517 2119 aliter
535 2072 576 2120 ea
596 2072 697 2120 uersa
715 2046 938 2138 inuenimus3
966 2047 1018 2121 sic
1037 2047 1131 2120 enim
1151 2048 1226 2122 fere
1244 2051 1544 2149 interpretanturz

413 2166 465 2240 sio
488 2165 656 2265 bellopen
678 2166 784 2241 selbst
806 2167 1119 2266 bollopenswertlt,
1148 2165 1249 2243 uena
1272 2193 1307 2243 es
1331 2169 1469 2242 orloubt
1490 2170 1543 2259 ist,

414 2287 471 2359 dia
496 2283 656 2360 Priestcr.
684 2287 776 2360 ratio
799 2298 921 2360 autem
944 2288 1158 2361 emendandi
1180 2289 1217 2361 in
1240 2291 1309 2363 hoc
1332 2288 1479 2387 quidem
1502 2287 1545 2359 li-

414 2405 508 2478 bello
527 2433 600 2480 non
620 2407 772 2480 nimium
791 2409 910 2481 audax
928 2407 1130 2497 uidebitur3
1158 2435 1258 2499 nam,
1282 2420 1323 2482 ut
1345 2409 1416 2481 iam
1436 2432 1545 2505 supra

415 2526 552 2625 aliquot
575 2527 750 2628 exemplis
782 2528 1132 2618 demonstrauimus,
1166 2527 1201 2600 in
1232 2529 1355 2601 codice
1377 2527 1541 2600 Parisino

415 2648 602 2747 complura
624 2648 797 2722 uocabula
819 2649 864 2720 ad
888 2649 1103 2722 sententiam
1126 2647 1326 2721 necessaria
1348 2647 1394 2720 ob
1419 2646 1545 2721 simili-

414 2769 579 2841 tudinem
610 2767 839 2866 potissimum
871 2767 1079 2841 ‘litterarum
1120 2768 1462 2858 terminationumue
1503 2766 1574 2840 li-'

415 2887 528 2960 brarii
557 2887 783 2986 neglegentia
814 2890 947 2961 omissa
970 2889 1301 2989 deprehenduntur.
1330 2887 1381 2961 sic
1404 2890 1474 2961 iam
1496 2888 1540 2970 ab

415 3007 512 3098 aliis,
531 3019 573 3080 ut
596 3010 735 3081 minora
757 3007 987 3100 omittamus,
1008 3021 1105 3084 recte
1128 3010 1163 3082 hi
1189 3010 1259 3083 loci
1282 3007 1440 3107 suppleti
1459 3017 1546 3080 sunt

417 3152 446 3200 c.
463 3132 498 3218 5,
521 3133 538 3200 1
561 3140 679 3225 emoto
696 3153 807 3203 oum..
826 3130 1032 3226 repudiaris
1051 3129 1210 3220 ultorum,
1244 3127 1439 3230 [atomum]
1458 3151 1545 3201 com·
1583 3121 1586 3125 ’

411 3248 597 3344 probarim
619 3252 652 3339 8,
676 3254 693 3322 1
717 3250 808 3323 loono
825 3250 1030 3348 rolipionern
1049 3264 1120 3322 tom
1138 3261 1322 3339 uetustum,
1342 3246 1458 3347 [tom]
1477 3247 1546 3320 uti·

379 3379 387 3385 '
418 3366 492 3459 lom,
510 3381 581 3442 tom
593 3368 769 3444 salubrem
780 3369 972 3445 dissoluero
981 3370 1133 3468 (pariter
1146 3368 1387 3443 necessarium
1399 3369 1546 3441 uidetur

416 3513 445 3561 c.
465 3492 523 3580 19,
545 3495 592 3563 10
613 3491 666 3563 sic
684 3492 888 3563 emendare:
918 3487 1101 3564 Cleanthes
1121 3490 1211 3564 onim
1229 3487 1544 3588 mentorn[modo],

416 3609 520 3681 modo
535 3610 702 3701 unimam,
722 3610 825 3684 modo
845 3610 1001 3701 aethera,
1021 3609 1229 3708 pleramque
1250 3609 1422 3682 rationem
1444 3609 1547 3682 doum

417 3727 617 3822 disseruit);
644 3755 673 3803 c.
699 3732 758 3820 23,
784 3735 804 3804 6
829 3730 905 3804 illic
926 3728 1163 3829 [Vulcanus]
1187 3727 1288 3803 Iouis
1302 3727 1445 3829 fulanon
1468 3752 1547 3801 curn

418 3850 556 3921 Aeneae
578 3848 688 3922 armis
711 3851 749 3922 in
772 3850 898 3924 incudo
911 3849 1139 3947 fabricatur,
1176 3875 1394 3948 quamquam
1417 3849 1454 3921 in
1477 3847 1547 3918 hoc

417 3967 497 4041 loco
521 3968 812 4068 supplementum
841 3970 913 4042 iam
936 3968 979 4041 ab
1003 3968 1173 4043 Vrsino
1196 3969 1330 4043 factum
1354 3964 1547 4041 nouissimi

417 4087 574 4161 editores
597 4088 836 4162 necessarium
860 4113 939 4162 esse
962 4090 1084 4162 nescio
1115 4115 1185 4187 qua
1207 4089 1377 4163 caecitate
1407 4085 1546 4159 intelle·

417 4232 504 4304 gere
525 4207 738 4299 noluerunt3
776 4233 804 4283 c.
829 4211 935 4300 38,1
969 4233 1012 4282 aa
1044 4208 1125 4307 quis
1147 4209 1255 4310 [nos]
1287 4207 1455 4282 coistimot
1486 4217 1550 4280 out

418 4327 645 4402 daemoniis..
675 4329 792 4403 cedere
814 4342 878 4403 out
906 4341 1047 4402 nostroe
1086 4328 1271 4428 relipiona's
1304 4329 1456 4424 pudore,
1485 4323 1547 4397 ubi

419 4447 571 4521 adiectio
594 4450 817 4547 pronominis
839 4449 910 4522 iam
933 4459 1083 4548 propter
1105 4449 1257 4523 uerbum
1274 4447 1413 4546 pudore
1442 4471 1544 4543 pror·
