4050 5559
458 636 501 699 48
873 632 1014 687 Minucii
1031 633 1165 687 Felicis

459 787 581 853 ludaeis
600 788 737 870 require:
765 787 829 852 iam
849 787 940 866 scies,
970 787 1109 869 nequitia
1131 806 1187 853 sua
1199 789 1279 853 hano
1293 805 1343 854 eos
1357 790 1507 855 memisse
1521 788 1585 855 for·

459 893 577 969 tunam,
592 891 829 973 necquidquam
843 891 989 955 accidisse
1004 891 1085 972 quod
1098 908 1158 955 non
1173 890 1215 954 sit
1229 891 1278 968 iis,
1302 891 1329 955 si
1344 892 1377 956 in
1392 893 1585 959 contumacia

431 995 704 1075 sperseuorarent,
735 994 806 1058 ante
825 994 1023 1075 praedictum.
1050 994 1095 1057 116
1110 993 1195 1074 prius
1210 1012 1260 1059 eos
1276 995 1444 1060 deseruisse
1459 1013 1584 1077 oonpre-

459 1098 573 1162 hendes
595 1115 686 1178 quam
708 1115 773 1162 6666
788 1097 923 1161 desertos
944 1115 1009 1174 nec,
1040 1098 1076 1160 ut
1091 1096 1187 1178 impie
1201 1097 1344 1178 loqueris,
1361 1117 1432 1162 oum
1446 1098 1512 1163 Deo
1528 1116 1582 1162 suo

460 1201 574 1282 captos,
590 1201 642 1264 sed
657 1219 675 1264 6
689 1200 754 1264 Deo
769 1201 805 1264 ut
820 1199 999 1280 disciplinae
1013 1198 1189 1282 transfugas
1204 1199 1333 1264 deditos.
1595 1213 1606 1252 ⁵

409 1309 449 1372 sl
503 1301 644 1368 Ceterum
659 1303 697 1368 de
712 1302 850 1367 incendio
864 1302 988 1380 mundi,
1004 1302 1058 1366 aut
1072 1302 1264 1383 inprouisnm
1286 1304 1390 1387 ignem
1402 1304 1509 1368 cadere
1529 1304 1585 1368 aut

432 1407 482 1487 2†
497 1405 638 1482 difficile,
662 1423 722 1469 non
737 1405 857 1469 credere
869 1405 1007 1487 uulgaris
1021 1404 1129 1469 erroris
1142 1405 1197 1469 est.
1215 1406 1283 1487 quis
1299 1407 1382 1470 enim
1397 1393 1585 1488 sapientium

460 1508 592 1584 dubitat,
609 1508 678 1590 quis
692 1508 823 1591 ignorat,
839 1507 942 1572 omnia
956 1526 1034 1589 quae
1049 1510 1116 1572 orta
1131 1507 1219 1585 sunt,
1235 1509 1387 1587 occidere,
1409 1527 1486 1591 quae
1501 1508 1585 1573 facta

460 1613 540 1688 sunt,
553 1611 699 1676 interire?
710 1610 1034 1692 caelumquoquocum
1045 1610 1188 1675 omnibus
1200 1629 1277 1692 quae
1289 1612 1372 1677 caelo
1380 1612 1584 1690 eontinentur,

460 1715 505 1778 116
519 1715 555 1778 61
570 1714 680 1796 coepit,
696 1712 722 1777 si
738 1712 862 1777 desierit
877 1712 1010 1777 fontium
1026 1712 1124 1778 dulcis
1136 1715 1321 1795 aquamaria
1332 1715 1458 1792 nutrire,
1474 1714 1507 1778 in
1518 1715 1586 1778 uim
1595 1730 1621 1769 ιο

460 1817 541 1901 ignis
556 1816 723 1893 abiturum,
739 1814 850 1880 Stoicis
865 1817 1006 1880 constans
1022 1816 1123 1898 opinio
1138 1817 1194 1894 661,
1210 1818 1291 1899 quod
1306 1818 1464 1882 consumto
1479 1835 1585 1882 umore

431 1927 448 1980 3
460 1919 593 1986 mundus
607 1919 659 1982 hio
674 1917 772 1983 omnis
787 1919 934 2001 ignescat.
961 1920 993 1983 et
1007 1919 1167 2000 Epicureis
1182 1920 1220 1985 de
1235 1920 1457 1986 elomentorum
1472 1919 1584 1985 confla·

430 2023 600 2107 tgratione
612 2022 643 2088 et
654 2021 763 2086 mundi
771 2022 860 2086 ruina
868 2023 974 2087 eadem
982 2022 1050 2105 ipsa
1061 2023 1212 2088 sententia
1222 2025 1277 2087 661.
1291 2024 1468 2105 *eloquitur
1477 2023 1584 2087 Plato:

460 2128 563 2209 partes
578 2126 660 2190 orbis
676 2143 755 2189 nuno
770 2125 918 2190 inundare
933 2125 1025 2202 dicit,
1047 2144 1127 2191 nunc
1140 2126 1268 2191 alternis
1282 2126 1403 2192 uicibus
1419 2126 1583 2204 ardescere,

460 2230 492 2293 61
514 2248 584 2293 oum
606 2228 708 2309 ipsum
730 2228 880 2292 mundum
902 2230 1085 2309 perpetuum
1107 2228 1138 2292 61
1159 2229 1354 2296 insolubilem
1382 2229 1497 2294 diceret
1519 2246 1619 2292 essere

461 2330 654 2407 fabricatum,
671 2329 791 2394 addidit
806 2332 928 2407 tamen,
958 2330 1020 2411 ipsi
1035 2331 1145 2395 artifici
1166 2331 1231 2395 Deo
1254 2331 1313 2396 soli
1328 2332 1359 2396 61
1373 2331 1537 2397 solubilem
1553 2331 1584 2395 et

432 2436 525 2498 56666
539 2433 709 2496 mortalem.
733 2432 778 2497 ita
793 2432 873 2496 nihil
886 2433 1002 2496 mirum
1017 2433 1078 2512 661,
1095 2433 1121 2498 61
1142 2433 1204 2498 1616
1218 2434 1314 2498 moles
1330 2435 1368 2498 sb
1384 2452 1435 2512 eo,
1458 2452 1517 2515 quo
1533 2453 1585 2498 ex·

460 2538 580 2601 structa
596 2537 652 2612 est,
665 2536 850 2600 destruatur.
868 2534 1091 2600 animaduertis
1102 2536 1298 2617 philosophos
1311 2537 1416 2601 ecdem
1429 2536 1585 2618 disputare

462 2648 539 2722 quae
554 2639 701 2716 dicimus,
724 2656 784 2703 non
799 2640 880 2720 quod
894 2656 948 2702 uos
964 2643 1060 2703 simus
1076 2656 1181 2703 eorum
1196 2639 1331 2723 uestigia
1346 2639 1515 2717 subsecuti,
1532 2640 1586 2704 sed

461 2742 542 2825 quod
556 2741 605 2805 illi
621 2741 658 2806 de
680 2740 795 2804 diuinis
817 2741 1077 2823 praedictionibus
1099 2741 1288 2824 profetarum
1318 2741 1460 2806 umbram
1489 2742 1620 2806 inter-ao

432 2845 582 2927 opolatae
604 2842 746 2908 ueritatis
769 2843 888 2918 imitati
910 2843 980 2907 sint.
1011 2844 1056 2909 616
1078 2844 1173 2909 etiam
1189 2844 1395 2909 condicionem
1409 2843 1586 2909 renascendi

461 2946 646 3028 sapientium
662 2946 814 3023 clariores,
829 2945 1021 3029 Pythagoras
1035 2947 1153 3028 primus
1168 2947 1199 3012 61
1209 2947 1389 3030 praecipuus
1400 2947 1502 3025 Plato,
1519 2965 1586 3011 cor·

461 3050 552 3130 rupta
581 3050 613 3112 et
634 3047 797 3113 dimidiata
816 3048 876 3112 fide
897 3048 1106 3114 tradiderrmt:
1135 3069 1208 3114 nam
1230 3050 1405 3131 corporibus
1427 3049 1586 3114 dissolutis

462 3152 541 3216 solas
556 3151 675 3216 animas
690 3152 799 3216 uolunt
814 3152 845 3216 61
859 3152 1005 3235 perpetuo
1021 3171 1141 3217 manere
1171 3154 1202 3217 et
1222 3152 1256 3216 in
1277 3153 1338 3217 6116
1359 3170 1439 3217 noua
1462 3169 1587 3233 corpora

512 3409 530 3464 2
549 3408 690 3477 quicquam
702 3408 809 3461 Pcorr.
823 3413 877 3461 etr
898 3408 910 3474 ll
933 3407 968 3460 iis
980 3408 1147 3461 Heumann:
1167 3408 1211 3461 his
1224 3409 1266 3461 Pr
1339 3408 1357 3465 3
1375 3404 1586 3476 conpraehendes

461 3495 495 3560 P,
509 3492 728 3564 compraehendes
737 3509 760 3556 r,
774 3493 1109 3561 deprehendesHeamarrrr
1162 3493 1182 3549 4
1195 3509 1242 3547 suo
1251 3510 1307 3547 6666
1317 3496 1433 3562 captosr
1485 3493 1586 3549 7611111-

461 3581 512 3634 6116
524 3581 551 3633 P
562 3585 703 3646 correpte,
717 3577 835 3632 dissilire
846 3578 906 3633 Jac.
919 3579 1092 3648 Groaoaias,
1106 3579 1198 3633 dissici
1209 3579 1258 3632 illo
1275 3580 1385 3648 Oebler,
1396 3580 1483 3647 poesis
1496 3581 1585 3643 611666,

461 3682 522 3720 cam
533 3666 620 3719 acrba
628 3681 656 3732 p.
672 3667 713 3730 15,
726 3666 746 3716 2
758 3665 956 3733 respiciantur,
968 3665 1106 3733 suspicari
1117 3664 1189 3718 dirui
1201 3665 1280 3719 illum
1286 3685 1293 3727 ;
1305 3665 1483 3719 aerdeimdr'as
1494 3671 1587 3719 tamea

365 3795 367 3799 .
460 3751 575 3805 aidetar
586 3750 721 3818 quaedam
732 3750 904 3804 intercidisse
963 3750 1001 3806 10
1021 3751 1115 3819 coepit,
1138 3751 1162 3802 si
1182 3750 1293 3804 desierit
1304 3750 1449 3805 Dorabart:
1470 3749 1586 3819 coepisse

461 3837 580 3891 desinere
593 3838 627 3903 P,
638 3835 774 3904 coepisset,
787 3835 926 3890 desinere?
942 3852 974 3903 r,·
991 3837 1050 3905 ipse
1060 3837 1154 3890 maldra
1165 3836 1206 3889 116
1217 3838 1248 3889 61
1260 3836 1389 3905 coepisse,
1414 3835 1545 3899 desinere,
1559 3836 1587 3888 61

461 3923 486 3976 61
497 3921 609 3976 desierit
620 3927 667 3974 etc.
682 3922 716 3975 de
727 3937 757 3974 re
770 3922 805 3988 cf.
825 3921 876 3975 (lic.
891 3921 925 3974 de
936 3921 1008 3975 deor.
1023 3928 1080 3975 aad.
1095 3922 1136 3988 ΙΙ,
1150 3924 1195 3988 46,
1209 3925 1260 3976 118
1279 3922 1291 3989 ll
1312 3921 1397 3975 dulcis
1416 3936 1485 3989 aqua
1502 3919 1587 3973 maria

460 4008 564 4061 nutrire
577 4008 616 4061 P:
634 4006 706 4060 dulci
725 4022 794 4074 aqua
813 4006 929 4060 marisuc
949 4007 1047 4060 nutriri
1068 4022 1098 4074 r;
1116 4008 1148 4060 ia
1160 4006 1220 4059 edd.
1237 4007 1377 4074 priorrbas
1397 4006 1472 4060 locas
1491 4007 1587 4058 masere

462 4094 633 4162 depracatus
644 4094 746 4162 lepitar
799 4092 834 4147 11
854 4094 1007 4162 consumpto
1017 4092 1125 4145 humore
1143 4108 1159 4145 r
1212 4091 1249 4149 13
1267 4091 1357 4146 eadem
1376 4092 1430 4145 1616
1447 4108 1467 4145 6.
1484 4091 1587 4145 Vsereer

472 4181 484 4247 l}
507 4179 632 4247 loquatur
654 4178 767 4241 Vseaer,
791 4178 910 4245 loquitur
926 4179 1106 4244 Heaaeaaao‚
1136 4177 1203 4231 dicit
1222 4178 1323 4232 Vrsioo
1344 4177 1490 4232 delendam
1507 4175 1586 4230 aide·

461 4266 559 4332 batar;
579 4264 749 4332 probabilius
770 4264 889 4318 Vahlen:
909 4264 1036 4317 similiter
1056 4263 1175 4331 loquitur
1195 4263 1275 4317 Plato
1328 4262 1365 4318 14
1383 4262 1508 4317 inundari
1521 4261 1586 4316 Wo-

457 4351 546 4420 paras
568 4350 581 4418 ΙΙ
603 4349 679 4403 docet
690 4349 842 4402 Hearaaaa
896 4348 932 4404 16
951 4348 1057 4402 addidit
1073 4363 1134 4402 reos:
1154 4347 1229 4401 addit
1246 4349 1289 4401 Pr
1312 4348 1324 4414 ΙΙ
1345 4346 1400 4416 ipsi
1412 4353 1438 4400 et
1449 4346 1496 4400 deo
1508 4346 1587 4399 Hea-

460 4434 667 4490 mcaaaeooelo
679 4435 788 4489 aotaait
805 4436 817 4502 ΙΙ
833 4434 1170 4487 esseetmthoweras
1217 4432 1254 4490 18
1267 4432 1419 4486 filosofosP
1471 4430 1508 4487 19
1521 4447 1587 4499 quae

461 4518 583 4575 docemus
602 4536 663 4586 nos,
681 4535 733 4572 non
753 4518 823 4588 quod
842 4521 994 4573 Heamaaa
1054 4518 1094 4575 20
1110 4517 1352 4587 praedicationibus
1365 4518 1416 4586 Pr,
1436 4533 1484 4571 era.
1510 4516 1587 4576 dere-

462 4608 527 4661 rec'as
579 4605 615 4662 21
635 4623 675 4659 aa
686 4604 790 4658 imitati
803 4603 887 4659 suut?
939 4605 977 4660 22
995 4606 1179 4674 pytagorasP
