4050 5559
565 637 653 690 XXIV

566 797 672 893 plum
699 796 805 867 uerbi
838 794 949 867 medii
991 804 1057 866 aut
1097 794 1317 892 deponentis
1355 794 1533 890 inspirare
1573 793 1696 868 adhuc

572 916 770 988 inuentum
798 915 854 988 sit.
883 912 1173 986 Heumannus
1208 924 1326 1004 reete,
1355 915 1394 986 ni
1427 913 1613 1013 fallimur,
1640 914 1697 987 ia·

570 1036 710 1134 spirant
733 1036 910 1125 correxit,
935 1035 999 1107 sed
1022 1035 1171 1108 dubites
1193 1046 1320 1107 utrum
1345 1061 1430 1107 cum
1453 1059 1496 1107 eo
1518 1035 1696 1132 inspirant

568 1153 708 1228 uatibus
735 1180 781 1226 an
810 1180 897 1228 cum
923 1153 1171 1227 Dombarto
1199 1156 1377 1253 inspirant
1403 1167 1500 1228 uates
1533 1155 1695 1226 scriben-

568 1275 659 1348 dum
698 1276 755 1347 sit.
797 1276 867 1347 hoc
906 1275 1168 1371 praetulimus,
1213 1276 1391 1372 quoniam
1425 1271 1632 1374 Cyprianus
1671 1275 1695 1347 l.

567 1421 597 1472 c.
621 1399 656 1484 4,
681 1398 702 1466 3
732 1395 848 1467 uerba
874 1393 1025 1467 Minucii
1058 1396 1110 1467 sic
1147 1396 1345 1493 expressit:
1389 1393 1429 1467 aa·
1464 1395 1593 1490 afflata
1631 1420 1695 1466 sao

567 1528 690 1589 antam
702 1528 852 1613 pectora
868 1515 1056 1612 inspirant.
1076 1517 1246 1612 exempla
1265 1515 1372 1587 uerbi
1388 1512 1597 1611 inspirandi
1610 1539 1696 1586 cum

567 1635 695 1709 datiuo
723 1635 840 1708 iuneti
867 1635 1068 1707 admodum
1093 1659 1179 1706 rara
1206 1644 1303 1722 sunt,
1332 1634 1398 1707 sed
1424 1660 1500 1707 non
1524 1634 1697 1706 adierun-

567 1766 630 1830 tur
656 1757 726 1828 nisi
747 1756 845 1845 talia,
872 1756 910 1826 in
938 1756 1074 1851 quibus
1101 1755 1278 1852 inspirare
1305 1780 1417 1828 sensu
1444 1755 1595 1851 proprio
1619 1752 1692 1826 die·

566 1887 650 1949 tum
677 1886 743 1964 est,
771 1876 877 1946 utin
906 1871 1060 1962 Quintil.
1088 1877 1185 1947 instt.
1215 1885 1325 1950 oratt.
1353 1872 1399 1965 X,
1424 1877 1458 1965 3,
1484 1877 1547 1945 24:
1582 1872 1692 1971 iaspi-

567 2009 688 2069 rantes
713 1995 823 2068 ramis
855 1993 1024 2068 arborum
1051 2020 1163 2068 aurae
1190 1997 1443 2092 uolnerumque
1470 2005 1605 2067 cantus.

623 2113 793 2206 0.33,1
824 2111 1006 2188 Octauius
1036 2114 1268 2187 demonstrat
1300 2115 1412 2187 deum
1444 2115 1570 2186 omnia
1602 2115 1695 2189 scire

570 2235 810 2332 omniumque
833 2259 961 2306 rerum
984 2259 1111 2306 curam
1135 2260 1254 2334 agere,
1282 2237 1320 2307 in
1344 2261 1419 2332 qua
1442 2234 1695 2332 disputatione

570 2357 743 2453 exempla
769 2356 922 2453 uulgata
948 2355 1018 2426 hoc
1045 2355 1199 2427 habent:
1227 2381 1324 2453 repes
1350 2368 1487 2429 tantum
1511 2356 1615 2453 repat
1638 2355 1699 2429 sai

562 2501 632 2575 per
660 2474 780 2572 officia
806 2475 1050 2547 ministrorum
1076 2476 1246 2549 aaaaersn
1270 2500 1421 2549 nouere:
1462 2479 1524 2550 deo
1551 2475 1694 2549 indietis

570 2622 660 2694 opas
684 2620 757 2669 aaa
783 2607 849 2669 est:
874 2620 948 2667 noa
974 2598 1087 2669 solam
1112 2595 1152 2668 ia
1179 2596 1290 2669 ocutis
1313 2596 1396 2686 eiua,
1419 2598 1480 2669 sed
1501 2608 1532 2670 et
1553 2598 1592 2669 ia
1613 2596 1695 2669 stira

568 2717 735 2790 ai'ainaas.
762 2717 800 2788 in
827 2717 886 2788 his
912 2717 1046 2789 uerba:
1074 2713 1220 2813 repes..
1246 2701 1382 2789 nouere'
1411 2742 1486 2788 non
1520 2741 1596 2788 uno
1628 2741 1694 2787 no·

569 2837 669 2908 mine
708 2837 840 2908 uitiosa
877 2862 957 2910 esse
995 2846 1165 2934 apparet;
1210 2837 1373 2932 primurn
1410 2837 1508 2907 enim
1546 2848 1693 2925 tantam,

569 2981 664 3052 quae
691 2966 748 3028 est
773 2957 906 3029 infelix
933 2956 1144 3030 emendatio
1172 2957 1340 3029 lectionis
1380 2955 1605 3052 deprauatae
1643 2966 1693 3027 ta·

569 3101 664 3164 men,
693 3077 896 3149 sententiae
922 3103 997 3150 non
1026 3077 1215 3164 conuenit3
1253 3101 1341 3148 nam
1365 3099 1443 3147 non
1469 3072 1563 3145 illud
1586 3099 1693 3169 quae·

570 3198 681 3288 ritur,
710 3197 978 3269 uniuersumne
1002 3199 1109 3295 regni
1135 3197 1194 3270 sui
1221 3206 1360 3267 statum
1393 3194 1516 3267 solum
1548 3219 1595 3264 an
1622 3195 1693 3266 sin·

569 3317 744 3414 gularum
772 3342 919 3415 quoque
946 3319 1111 3415 partium
1144 3341 1251 3413 reges
1283 3316 1472 3404 nouerint,
1518 3312 1583 3385 sed
1624 3314 1696 3386 hoc

570 3462 687 3509 unum
715 3438 914 3511 dicendum
942 3448 1019 3511 erat
1052 3436 1203 3534 regibus
1244 3435 1291 3508 ad
1327 3435 1433 3532 regni
1473 3435 1532 3506 sui
1568 3445 1694 3531 partes

569 3557 774 3630 noscendas
813 3559 932 3631 alieno
973 3556 1178 3630 ministerio
1217 3580 1312 3652 opus
1339 3580 1427 3628 esse.
1455 3554 1519 3626 sed
1547 3565 1589 3626 ut
1614 3567 1693 3628 taa-

570 3689 643 3750 tam
669 3679 746 3750 ulla
772 3679 916 3751 ratione
942 3703 1008 3775 per
1035 3677 1255 3749 sententiam
1280 3675 1368 3746 ferri
1391 3675 1522 3771 possit,
1552 3684 1649 3746 certe
1673 3700 1695 3745 a

570 3797 753 3870 uocabulo
780 3800 966 3887 uniuersa,
995 3796 1043 3869 ad
1072 3795 1172 3893 quod
1199 3795 1319 3867 solum
1345 3797 1556 3892 pertineret,
1589 3803 1694 3866 tanto

569 3919 767 3991 interuallo
795 3944 871 3990 non
898 3927 1044 4015 poterat
1071 3917 1243 4014 disiungi.
1273 3915 1404 3989 deinde
1441 3916 1578 3987 locutio
1614 3915 1696 4011 ipsa

569 4038 736 4135 repai—
753 4039 923 4111 uniuersa
947 4061 1048 4110 nossa
1075 4037 1141 4109 uix
1168 4038 1286 4109 latina
1313 4047 1387 4125 est,
1433 4035 1562 4106 saltem
1603 4034 1694 4106 alias

570 4156 757 4230 Minucius
785 4159 905 4255 aptius
934 4156 1054 4230 dicere
1087 4159 1191 4229 solet.
1236 4157 1403 4230 sednon
1430 4179 1523 4252 opus
1551 4163 1628 4225 erat
1655 4154 1695 4226 in

572 4278 630 4350 his
658 4278 784 4350 uerbis
821 4303 958 4350 nouam
995 4277 1215 4350 emendandi
1253 4278 1352 4348 uiam
1390 4299 1585 4372 quaerere,
1609 4297 1695 4345 curn

571 4396 812 4489 iamdudum
834 4394 1059 4470 Meursius
1082 4398 1174 4495 quid
1197 4397 1379 4469 sententia
1412 4394 1596 4491 flagitaret
1631 4418 1694 4489 op·

572 4518 661 4590 time
682 4519 950 4614 perspexisset:
990 4543 1088 4614 repes
1118 4529 1246 4591 statum
1277 4515 1380 4612 repat
1403 4513 1462 4587 sai
1477 4539 1548 4611 per
1575 4511 1696 4610 officia
