<?xml version="1.0" encoding="UTF-8"?>
<!DOCTYPE html PUBLIC "-//W3C//DTD XHTML 1.0 Transitional//EN"
    "http://www.w3.org/TR/xhtml1/DTD/xhtml1-transitional.dtd">
<html xmlns="http://www.w3.org/1999/xhtml" xml:lang="en" lang="en">
 <head>
  <title>
</title>
<meta http-equiv="Content-Type" content="text/html;charset=utf-8" />
  <meta name='ocr-system' content='tesseract 3.04.00' />
  <meta name='ocr-capabilities' content='ocr_page ocr_carea ocr_par ocr_line ocrx_word'/>
</head>
<body>
  <div class='ocr_page' id='page_1' title='image "./mminuciifelicis00halmgoog/mminuciifelicis00halmgoog_0132.png"; bbox 0 0 4050 5559; ppageno 0'>
   <div class='ocr_carea' id='block_1_1' title="bbox 472 375 1228 540">
    <p class='ocr_par' dir='ltr' id='par_1_1' title="bbox 472 375 1228 540">
     <span class='ocr_line' id='line_1_1' title="bbox 1210 375 1228 409; baseline 0 0"><span class='ocrx_word' id='word_1_1' title='bbox 1210 375 1228 409; x_wconf 75' lang='grc' dir='ltr'><strong><em>ο</em></strong></span> 
     </span>
     <span class='ocr_line' id='line_1_2' title="bbox 472 468 1184 540; baseline -0.01 -13"><span class='ocrx_word' id='word_1_2' title='bbox 472 476 518 540; x_wconf 79' lang='grc'>94</span> <span class='ocrx_word' id='word_1_3' title='bbox 879 469 1021 523; x_wconf 76' lang='lat' dir='ltr'>Firmici</span> <span class='ocrx_word' id='word_1_4' title='bbox 1038 468 1184 522; x_wconf 79' lang='lat' dir='ltr'><strong>Materni</strong></span> 
     </span>
    </p>
   </div>
   <div class='ocr_carea' id='block_1_2' title="bbox 356 617 1636 3057">
    <p class='ocr_par' dir='ltr' id='par_1_2' title="bbox 356 617 1636 3057">
     <span class='ocr_line' id='line_1_3' title="bbox 474 617 1605 707; baseline -0.01 -14"><span class='ocrx_word' id='word_1_5' title='bbox 474 628 604 693; x_wconf 84' lang='lat' dir='ltr'>llfialtae</span> <span class='ocrx_word' id='word_1_6' title='bbox 627 627 725 691; x_wconf 88' lang='lat' dir='ltr'>edicto</span> <span class='ocrx_word' id='word_1_7' title='bbox 742 626 825 690; x_wconf 87' lang='lat' dir='ltr'>Mars</span> <span class='ocrx_word' id='word_1_8' title='bbox 847 626 1039 707; x_wconf 91' lang='lat' dir='ltr'>bellipotens</span> <span class='ocrx_word' id='word_1_9' title='bbox 1050 622 1214 705; x_wconf 89' lang='lat' dir='ltr'>temporali</span> <span class='ocrx_word' id='word_1_10' title='bbox 1225 621 1316 686; x_wconf 90' lang='lat' dir='ltr'>exilio</span> <span class='ocrx_word' id='word_1_11' title='bbox 1328 621 1492 686; x_wconf 88' lang='lat' dir='ltr'>damnatus</span> <span class='ocrx_word' id='word_1_12' title='bbox 1504 617 1605 684; x_wconf 90' lang='lat' dir='ltr'>ferrea</span> 
     </span>
     <span class='ocr_line' id='line_1_4' title="bbox 383 721 1604 810; baseline -0.009 -14"><span class='ocrx_word' id='word_1_13' title='bbox 383 726 385 733; x_wconf 37' lang='lat'>⁸</span> <span class='ocrx_word' id='word_1_14' title='bbox 473 732 652 796; x_wconf 89' lang='lat' dir='ltr'>catenarum</span> <span class='ocrx_word' id='word_1_15' title='bbox 663 729 766 793; x_wconf 90' lang='lat' dir='ltr'>uincla</span> <span class='ocrx_word' id='word_1_16' title='bbox 777 727 940 792; x_wconf 73' lang='lat' dir='ltr'><strong>sustinuit:</strong></span> <span class='ocrx_word' id='word_1_17' title='bbox 957 726 1163 810; x_wconf 80' lang='lat' dir='ltr'>Sarpedonem</span> <span class='ocrx_word' id='word_1_18' title='bbox 1178 725 1280 789; x_wconf 88' lang='lat' dir='ltr'>filium</span> <span class='ocrx_word' id='word_1_19' title='bbox 1297 725 1455 788; x_wconf 91' lang='lat' dir='ltr'>mortuum</span> <span class='ocrx_word' id='word_1_20' title='bbox 1466 722 1499 787; x_wconf 94' lang='lat' dir='ltr'>in</span> <span class='ocrx_word' id='word_1_21' title='bbox 1510 721 1604 786; x_wconf 85' lang='lat' dir='ltr'>Troia</span> 
     </span>
     <span class='ocr_line' id='line_1_5' title="bbox 474 825 1603 916; baseline -0.008 -19"><span class='ocrx_word' id='word_1_22' title='bbox 474 833 614 916; x_wconf 85' lang='lat' dir='ltr'>luppiter</span> <span class='ocrx_word' id='word_1_23' title='bbox 628 833 750 916; x_wconf 79' lang='lat' dir='ltr'>plangit</span> <span class='ocrx_word' id='word_1_24' title='bbox 767 832 798 896; x_wconf 93' lang='lat' dir='ltr'>et</span> <span class='ocrx_word' id='word_1_25' title='bbox 822 831 995 895; x_wconf 77' lang='lat' dir='ltr'>mercedem</span> <span class='ocrx_word' id='word_1_26' title='bbox 1016 829 1237 894; x_wconf 88' lang='lat' dir='ltr'>fabricatorum</span> <span class='ocrx_word' id='word_1_27' title='bbox 1258 845 1417 894; x_wconf 88' lang='lat' dir='ltr'>murorum</span> <span class='ocrx_word' id='word_1_28' title='bbox 1438 825 1603 906; x_wconf 81' lang='lat' dir='ltr'>Neptunus</span> 
     </span>
     <span class='ocr_line' id='line_1_6' title="bbox 474 928 1604 1019; baseline -0.006 -19"><span class='ocrx_word' id='word_1_29' title='bbox 474 955 493 1001; x_wconf 89' lang='lat' dir='ltr'>a</span> <span class='ocrx_word' id='word_1_30' title='bbox 507 936 637 1017; x_wconf 91' lang='lat' dir='ltr'>superbo</span> <span class='ocrx_word' id='word_1_31' title='bbox 652 955 723 1019; x_wconf 89' lang='lat' dir='ltr'>rege</span> <span class='ocrx_word' id='word_1_32' title='bbox 737 952 797 999; x_wconf 93' lang='lat' dir='ltr'>non</span> <span class='ocrx_word' id='word_1_33' title='bbox 818 934 941 1016; x_wconf 79' lang='lat' dir='ltr'>recipit:</span> <span class='ocrx_word' id='word_1_34' title='bbox 965 933 1092 998; x_wconf 89' lang='lat' dir='ltr'>alterius</span> <span class='ocrx_word' id='word_1_35' title='bbox 1108 933 1190 1017; x_wconf 89' lang='lat' dir='ltr'>regis</span> <span class='ocrx_word' id='word_1_36' title='bbox 1205 931 1317 1013; x_wconf 84' lang='lat' dir='ltr'>Apollo</span> <span class='ocrx_word' id='word_1_37' title='bbox 1333 948 1440 1014; x_wconf 79' lang='lat' dir='ltr'>greges</span> <span class='ocrx_word' id='word_1_38' title='bbox 1455 928 1558 1011; x_wconf 89' lang='lat' dir='ltr'>pascit</span> <span class='ocrx_word' id='word_1_39' title='bbox 1572 929 1604 993; x_wconf 88' lang='lat' dir='ltr'>et</span> 
     </span>
     <span class='ocr_line' id='line_1_7' title="bbox 475 1031 1636 1103; baseline -0.008 0"><span class='ocrx_word' id='word_1_40' title='bbox 475 1037 541 1103; x_wconf 89' lang='lat' dir='ltr'>Soli</span> <span class='ocrx_word' id='word_1_41' title='bbox 555 1039 659 1102; x_wconf 92' lang='lat' dir='ltr'>omnia</span> <span class='ocrx_word' id='word_1_42' title='bbox 672 1037 790 1103; x_wconf 88' lang='lat' dir='ltr'>uidenti</span> <span class='ocrx_word' id='word_1_43' title='bbox 805 1037 885 1102; x_wconf 92' lang='lat' dir='ltr'>alius</span> <span class='ocrx_word' id='word_1_44' title='bbox 901 1037 1070 1101; x_wconf 86' lang='lat' dir='ltr'>occisarum</span> <span class='ocrx_word' id='word_1_45' title='bbox 1084 1037 1178 1100; x_wconf 92' lang='lat' dir='ltr'>boum</span> <span class='ocrx_word' id='word_1_46' title='bbox 1198 1035 1320 1099; x_wconf 89' lang='lat' dir='ltr'>nuntiat</span> <span class='ocrx_word' id='word_1_47' title='bbox 1334 1035 1469 1098; x_wconf 88' lang='lat' dir='ltr'>mortes:</span> <span class='ocrx_word' id='word_1_48' title='bbox 1493 1031 1603 1096; x_wconf 78' lang='lat' dir='ltr'>Casto·</span> <span class='ocrx_word' id='word_1_49' title='bbox 1625 1056 1636 1095; x_wconf 78' lang='lat' dir='ltr'>r</span> 
     </span>
     <span class='ocr_line' id='line_1_8' title="bbox 475 1133 1604 1224; baseline -0.008 -17"><span class='ocrx_word' id='word_1_50' title='bbox 475 1161 524 1207; x_wconf 92' lang='lat' dir='ltr'>res</span> <span class='ocrx_word' id='word_1_51' title='bbox 539 1142 648 1224; x_wconf 91' lang='lat' dir='ltr'>sepelit</span> <span class='ocrx_word' id='word_1_52' title='bbox 656 1140 774 1223; x_wconf 84' lang='lat' dir='ltr'>Sparta,</span> <span class='ocrx_word' id='word_1_53' title='bbox 791 1141 879 1205; x_wconf 89' lang='lat' dir='ltr'>ardet</span> <span class='ocrx_word' id='word_1_54' title='bbox 893 1141 969 1222; x_wconf 92' lang='lat' dir='ltr'>aput</span> <span class='ocrx_word' id='word_1_55' title='bbox 984 1138 1096 1204; x_wconf 83' lang='lat' dir='ltr'>Oetam</span> <span class='ocrx_word' id='word_1_56' title='bbox 1106 1138 1256 1203; x_wconf 90' lang='lat' dir='ltr'>Hercules</span> <span class='ocrx_word' id='word_1_57' title='bbox 1272 1137 1302 1201; x_wconf 92' lang='lat' dir='ltr'>et</span> <span class='ocrx_word' id='word_1_58' title='bbox 1310 1135 1514 1218; x_wconf 87' lang='lat' dir='ltr'>Aesculapius</span> <span class='ocrx_word' id='word_1_59' title='bbox 1526 1133 1604 1198; x_wconf 90' lang='lat' dir='ltr'>alibi</span> 
     </span>
     <span class='ocr_line' id='line_1_9' title="bbox 475 1238 1603 1342; baseline -0.008 -32"><span class='ocrx_word' id='word_1_60' title='bbox 475 1245 673 1342; x_wconf 79' lang='lat' dir='ltr'>fplminatur:</span> <span class='ocrx_word' id='word_1_61' title='bbox 688 1244 844 1308; x_wconf 83' lang='lat' dir='ltr'>Vulcanus</span> <span class='ocrx_word' id='word_1_62' title='bbox 860 1244 980 1326; x_wconf 88' lang='lat' dir='ltr'>apatre</span> <span class='ocrx_word' id='word_1_63' title='bbox 991 1241 1212 1325; x_wconf 88' lang='lat' dir='ltr'>praecipitatus</span> <span class='ocrx_word' id='word_1_64' title='bbox 1223 1241 1333 1322; x_wconf 91' lang='lat' dir='ltr'>pedem</span> <span class='ocrx_word' id='word_1_65' title='bbox 1343 1238 1471 1322; x_wconf 78' lang='lat' dir='ltr'>frangit,</span> <span class='ocrx_word' id='word_1_66' title='bbox 1483 1238 1603 1321; x_wconf 84' lang='lat' dir='ltr'>Lycur-</span> 
     </span>
     <span class='ocr_line' id='line_1_10' title="bbox 475 1331 1603 1432; baseline -0.005 -21"><span class='ocrx_word' id='word_1_67' title='bbox 475 1368 551 1432; x_wconf 90' lang='lat' dir='ltr'>gum</span> <span class='ocrx_word' id='word_1_68' title='bbox 566 1347 688 1432; x_wconf 87' lang='lat' dir='ltr'>fugiens</span> <span class='ocrx_word' id='word_1_69' title='bbox 702 1347 795 1411; x_wconf 91' lang='lat' dir='ltr'>Liber</span> <span class='ocrx_word' id='word_1_70' title='bbox 809 1346 956 1410; x_wconf 84' lang='lat' dir='ltr'>moritur:</span> <span class='ocrx_word' id='word_1_71' title='bbox 979 1346 1083 1410; x_wconf 90' lang='lat' dir='ltr'>Venus</span> <span class='ocrx_word' id='word_1_72' title='bbox 1098 1345 1131 1409; x_wconf 90' lang='lat' dir='ltr'>in</span> <span class='ocrx_word' id='word_1_73' title='bbox 1146 1343 1297 1409; x_wconf 92' lang='lat' dir='ltr'>adulterio</span> <span class='ocrx_word' id='word_1_74' title='bbox 1314 1331 1499 1424; x_wconf 88' lang='lat' dir='ltr'>deprehensa</span> <span class='ocrx_word' id='word_1_75' title='bbox 1515 1340 1603 1405; x_wconf 88' lang='lat' dir='ltr'>dete·</span> 
     </span>
     <span class='ocr_line' id='line_1_11' title="bbox 356 1442 1602 1533; baseline -0.008 -15"><span class='ocrx_word' id='word_1_76' title='bbox 356 1450 560 1533; x_wconf 71' lang='lat' dir='ltr'>ro.1n.gitur</span> <span class='ocrx_word' id='word_1_77' title='bbox 574 1450 606 1514; x_wconf 91' lang='lat' dir='ltr'>et</span> <span class='ocrx_word' id='word_1_78' title='bbox 620 1453 690 1531; x_wconf 90' lang='lat' dir='ltr'>post</span> <span class='ocrx_word' id='word_1_79' title='bbox 705 1450 754 1515; x_wconf 94' lang='lat' dir='ltr'>dei</span> <span class='ocrx_word' id='word_1_80' title='bbox 768 1450 894 1533; x_wconf 91' lang='lat' dir='ltr'>nuptias</span> <span class='ocrx_word' id='word_1_81' title='bbox 914 1450 918 1532; x_wconf 77' lang='lat' dir='ltr'>l</span> <span class='ocrx_word' id='word_1_82' title='bbox 937 1448 1092 1513; x_wconf 80' lang='lat' dir='ltr'>Anchisae</span> <span class='ocrx_word' id='word_1_83' title='bbox 1107 1448 1240 1512; x_wconf 92' lang='lat' dir='ltr'>hominis</span> <span class='ocrx_word' id='word_1_84' title='bbox 1256 1447 1356 1512; x_wconf 90' lang='lat' dir='ltr'>cubile</span> <span class='ocrx_word' id='word_1_85' title='bbox 1371 1446 1522 1511; x_wconf 88' lang='lat' dir='ltr'>sectatur:</span> <span class='ocrx_word' id='word_1_86' title='bbox 1546 1442 1602 1509; x_wconf 83' lang='lat' dir='ltr'>Sa-</span> 
     </span>
     <span class='ocr_line' id='line_1_12' title="bbox 473 1547 1636 1637; baseline -0.006 -21"><span class='ocrx_word' id='word_1_87' title='bbox 473 1553 584 1617; x_wconf 90' lang='lat' dir='ltr'>turnus</span> <span class='ocrx_word' id='word_1_88' title='bbox 599 1571 692 1637; x_wconf 90' lang='lat' dir='ltr'>regno</span> <span class='ocrx_word' id='word_1_89' title='bbox 706 1553 820 1618; x_wconf 91' lang='lat' dir='ltr'>timens</span> <span class='ocrx_word' id='word_1_90' title='bbox 836 1553 963 1618; x_wconf 92' lang='lat' dir='ltr'>deuorat</span> <span class='ocrx_word' id='word_1_91' title='bbox 976 1551 1057 1615; x_wconf 85' lang='lat' dir='ltr'>filios</span> <span class='ocrx_word' id='word_1_92' title='bbox 1072 1555 1099 1616; x_wconf 88' lang='lat' dir='ltr'>et</span> <span class='ocrx_word' id='word_1_93' title='bbox 1112 1550 1217 1632; x_wconf 74' lang='lat' dir='ltr'>fitium</span> <span class='ocrx_word' id='word_1_94' title='bbox 1232 1549 1353 1633; x_wconf 87' lang='lat' dir='ltr'>fugiens</span> <span class='ocrx_word' id='word_1_95' title='bbox 1365 1549 1397 1613; x_wconf 93' lang='lat' dir='ltr'>in</span> <span class='ocrx_word' id='word_1_96' title='bbox 1408 1547 1503 1613; x_wconf 87' lang='lat' dir='ltr'>Italia</span> <span class='ocrx_word' id='word_1_97' title='bbox 1513 1547 1636 1630; x_wconf 74' lang='lat' dir='ltr'>supi-10</span> 
     </span>
     <span class='ocr_line' id='line_1_13' title="bbox 473 1650 1602 1736; baseline -0.005 -16"><span class='ocrx_word' id='word_1_98' title='bbox 473 1654 559 1720; x_wconf 91' lang='lat' dir='ltr'>tiuus</span> <span class='ocrx_word' id='word_1_99' title='bbox 574 1655 786 1720; x_wconf 82' lang='lat' dir='ltr'>absconditur:</span> <span class='ocrx_word' id='word_1_100' title='bbox 802 1656 842 1720; x_wconf 97' lang='lat' dir='ltr'>ob</span> <span class='ocrx_word' id='word_1_101' title='bbox 858 1673 994 1720; x_wconf 92' lang='lat' dir='ltr'>amorem</span> <span class='ocrx_word' id='word_1_102' title='bbox 1010 1653 1158 1720; x_wconf 81' lang='lat' dir='ltr'>Catamiti</span> <span class='ocrx_word' id='word_1_103' title='bbox 1172 1654 1250 1718; x_wconf 93' lang='lat' dir='ltr'>Iuno</span> <span class='ocrx_word' id='word_1_104' title='bbox 1265 1653 1421 1736; x_wconf 84' lang='lat' dir='ltr'>spernitur</span> <span class='ocrx_word' id='word_1_105' title='bbox 1435 1652 1467 1716; x_wconf 94' lang='lat' dir='ltr'>et</span> <span class='ocrx_word' id='word_1_106' title='bbox 1482 1650 1522 1716; x_wconf 92' lang='lat' dir='ltr'>ad</span> <span class='ocrx_word' id='word_1_107' title='bbox 1537 1651 1602 1714; x_wconf 83' lang='lat' dir='ltr'>En·</span> 
     </span>
     <span class='ocr_line' id='line_1_14' title="bbox 473 1751 1602 1839; baseline -0.004 -18"><span class='ocrx_word' id='word_1_108' title='bbox 473 1757 650 1839; x_wconf 88' lang='lat' dir='ltr'>dymionem</span> <span class='ocrx_word' id='word_1_109' title='bbox 673 1758 758 1823; x_wconf 89' lang='lat' dir='ltr'>Luna</span> <span class='ocrx_word' id='word_1_110' title='bbox 779 1758 937 1823; x_wconf 88' lang='lat' dir='ltr'>descendit</span> <span class='ocrx_word' id='word_1_111' title='bbox 958 1760 989 1822; x_wconf 98' lang='lat' dir='ltr'>et</span> <span class='ocrx_word' id='word_1_112' title='bbox 1011 1759 1118 1823; x_wconf 90' lang='lat' dir='ltr'>contra</span> <span class='ocrx_word' id='word_1_113' title='bbox 1138 1757 1333 1821; x_wconf 88' lang='lat' dir='ltr'>uoluntatem</span> <span class='ocrx_word' id='word_1_114' title='bbox 1356 1754 1457 1820; x_wconf 89' lang='lat' dir='ltr'>uxoris</span> <span class='ocrx_word' id='word_1_115' title='bbox 1473 1754 1504 1819; x_wconf 95' lang='lat' dir='ltr'>et</span> <span class='ocrx_word' id='word_1_116' title='bbox 1518 1751 1602 1817; x_wconf 91' lang='lat' dir='ltr'>filiae</span> 
     </span>
     <span class='ocr_line' id='line_1_15' title="bbox 443 1856 1604 1942; baseline -0.003 -19"><span class='ocrx_word' id='word_1_117' title='bbox 443 1860 613 1924; x_wconf 84' lang='lat' dir='ltr'>sTroianis</span> <span class='ocrx_word' id='word_1_118' title='bbox 646 1861 796 1925; x_wconf 86' lang='lat' dir='ltr'>auxilium</span> <span class='ocrx_word' id='word_1_119' title='bbox 818 1862 917 1926; x_wconf 90' lang='lat' dir='ltr'>ferens</span> <span class='ocrx_word' id='word_1_120' title='bbox 939 1861 1082 1942; x_wconf 89' lang='lat' dir='ltr'>deceptus</span> <span class='ocrx_word' id='word_1_121' title='bbox 1102 1861 1243 1941; x_wconf 91' lang='lat' dir='ltr'>luppiter</span> <span class='ocrx_word' id='word_1_122' title='bbox 1263 1859 1385 1924; x_wconf 84' lang='lat' dir='ltr'>dormit.</span> <span class='ocrx_word' id='word_1_123' title='bbox 1409 1856 1604 1941; x_wconf 87' lang='lat' dir='ltr'>oflagitiosa</span> 
     </span>
     <span class='ocr_line' id='line_1_16' title="bbox 472 1960 1603 2045; baseline -0.003 -18"><span class='ocrx_word' id='word_1_124' title='bbox 472 1962 636 2028; x_wconf 85' lang='lat' dir='ltr'>confessio!</span> <span class='ocrx_word' id='word_1_125' title='bbox 660 1981 727 2030; x_wconf 56' lang='lat' dir='ltr'>oe*</span> <span class='ocrx_word' id='word_1_126' title='bbox 741 1963 932 2045; x_wconf 91' lang='lat' dir='ltr'>deflendique</span> <span class='ocrx_word' id='word_1_127' title='bbox 954 1962 1070 2028; x_wconf 86' lang='lat' dir='ltr'>cuitus!</span> <span class='ocrx_word' id='word_1_128' title='bbox 1095 1983 1111 2028; x_wconf 99' lang='lat' dir='ltr'>o</span> <span class='ocrx_word' id='word_1_129' title='bbox 1133 1963 1227 2028; x_wconf 92' lang='lat' dir='ltr'>durae</span> <span class='ocrx_word' id='word_1_130' title='bbox 1250 1962 1410 2029; x_wconf 90' lang='lat' dir='ltr'>seruitutis</span> <span class='ocrx_word' id='word_1_131' title='bbox 1425 1960 1603 2026; x_wconf 90' lang='lat' dir='ltr'>miseranda</span> 
     </span>
     <span class='ocr_line' id='line_1_17' title="bbox 472 2063 1635 2132; baseline 0 -3"><span class='ocrx_word' id='word_1_132' title='bbox 472 2065 620 2130; x_wconf 82' lang='lat' dir='ltr'>conditio!</span> <span class='ocrx_word' id='word_1_133' title='bbox 644 2066 683 2130; x_wconf 90' lang='lat' dir='ltr'>ad</span> <span class='ocrx_word' id='word_1_134' title='bbox 697 2067 829 2131; x_wconf 90' lang='lat' dir='ltr'>istorum</span> <span class='ocrx_word' id='word_1_135' title='bbox 844 2067 964 2131; x_wconf 90' lang='lat' dir='ltr'>cultum</span> <span class='ocrx_word' id='word_1_136' title='bbox 979 2067 1106 2131; x_wconf 90' lang='lat' dir='ltr'>deorum</span> <span class='ocrx_word' id='word_1_137' title='bbox 1120 2066 1242 2132; x_wconf 87' lang='lat' dir='ltr'>sanctos</span> <span class='ocrx_word' id='word_1_138' title='bbox 1256 2065 1394 2129; x_wconf 93' lang='lat' dir='ltr'>homines</span> <span class='ocrx_word' id='word_1_139' title='bbox 1415 2064 1447 2128; x_wconf 90' lang='lat' dir='ltr'>et</span> <span class='ocrx_word' id='word_1_140' title='bbox 1470 2064 1527 2128; x_wconf 94' lang='lat' dir='ltr'>deo</span> <span class='ocrx_word' id='word_1_141' title='bbox 1548 2063 1635 2129; x_wconf 74' lang='lat' dir='ltr'>de-1s</span> 
     </span>
     <span class='ocr_line' id='line_1_18' title="bbox 469 2167 1602 2256; baseline 0.002 -25"><span class='ocrx_word' id='word_1_142' title='bbox 469 2168 545 2232; x_wconf 89' lang='lat' dir='ltr'>uota</span> <span class='ocrx_word' id='word_1_143' title='bbox 559 2169 661 2233; x_wconf 90' lang='lat' dir='ltr'>mente</span> <span class='ocrx_word' id='word_1_144' title='bbox 676 2169 833 2234; x_wconf 87' lang='lat' dir='ltr'>credentes</span> <span class='ocrx_word' id='word_1_145' title='bbox 849 2169 1036 2253; x_wconf 89' lang='lat' dir='ltr'>sacrilegum</span> <span class='ocrx_word' id='word_1_146' title='bbox 1050 2170 1253 2256; x_wconf 80' lang='lat' dir='ltr'>tyrannorum</span> <span class='ocrx_word' id='word_1_147' title='bbox 1268 2168 1362 2232; x_wconf 80' lang='lat' dir='ltr'>traxit</span> <span class='ocrx_word' id='word_1_148' title='bbox 1376 2167 1554 2250; x_wconf 86' lang='lat' dir='ltr'>imperium,</span> <span class='ocrx_word' id='word_1_149' title='bbox 1570 2167 1602 2233; x_wconf 91' lang='lat' dir='ltr'>et</span> 
     </span>
     <span class='ocr_line' id='line_1_19' title="bbox 471 2269 1600 2350; baseline 0.001 -17"><span class='ocrx_word' id='word_1_150' title='bbox 471 2270 507 2334; x_wconf 91' lang='lat' dir='ltr'>ut</span> <span class='ocrx_word' id='word_1_151' title='bbox 522 2269 594 2335; x_wconf 91' lang='lat' dir='ltr'>huic</span> <span class='ocrx_word' id='word_1_152' title='bbox 609 2271 736 2336; x_wconf 86' lang='lat' dir='ltr'>facinori</span> <span class='ocrx_word' id='word_1_153' title='bbox 750 2272 836 2336; x_wconf 90' lang='lat' dir='ltr'>aliud</span> <span class='ocrx_word' id='word_1_154' title='bbox 851 2273 970 2337; x_wconf 92' lang='lat' dir='ltr'>facinus</span> <span class='ocrx_word' id='word_1_155' title='bbox 985 2272 1159 2350; x_wconf 86' lang='lat' dir='ltr'>adderetur,</span> <span class='ocrx_word' id='word_1_156' title='bbox 1175 2289 1258 2336; x_wconf 88' lang='lat' dir='ltr'>mors</span> <span class='ocrx_word' id='word_1_157' title='bbox 1273 2271 1320 2336; x_wconf 92' lang='lat' dir='ltr'>est</span> <span class='ocrx_word' id='word_1_158' title='bbox 1332 2270 1453 2335; x_wconf 90' lang='lat' dir='ltr'>decreta</span> <span class='ocrx_word' id='word_1_159' title='bbox 1464 2269 1600 2334; x_wconf 92' lang='lat' dir='ltr'>nolenti-</span> 
     </span>
     <span class='ocr_line' id='line_1_20' title="bbox 470 2373 1600 2457; baseline 0.002 -21"><span class='ocrx_word' id='word_1_160' title='bbox 470 2373 537 2437; x_wconf 90' lang='lat' dir='ltr'>bus.</span> <span class='ocrx_word' id='word_1_161' title='bbox 561 2374 601 2438; x_wconf 91' lang='lat' dir='ltr'>ad</span> <span class='ocrx_word' id='word_1_162' title='bbox 615 2375 773 2439; x_wconf 90' lang='lat' dir='ltr'>theatrum</span> <span class='ocrx_word' id='word_1_163' title='bbox 787 2376 891 2456; x_wconf 88' lang='lat' dir='ltr'>potius</span> <span class='ocrx_word' id='word_1_164' title='bbox 907 2375 1023 2457; x_wconf 92' lang='lat' dir='ltr'>templa</span> <span class='ocrx_word' id='word_1_165' title='bbox 1038 2373 1217 2452; x_wconf 84' lang='lat' dir='ltr'>transferte,</span> <span class='ocrx_word' id='word_1_166' title='bbox 1242 2374 1324 2438; x_wconf 91' lang='lat' dir='ltr'>utin</span> <span class='ocrx_word' id='word_1_167' title='bbox 1340 2373 1457 2438; x_wconf 91' lang='lat' dir='ltr'>scaenis</span> <span class='ocrx_word' id='word_1_168' title='bbox 1472 2373 1600 2457; x_wconf 89' lang='lat' dir='ltr'>religio·</span> 
     </span>
     <span class='ocr_line' id='line_1_21' title="bbox 467 2475 1600 2561; baseline -0.001 -20"><span class='ocrx_word' id='word_1_169' title='bbox 467 2497 546 2541; x_wconf 90' lang='lat' dir='ltr'>num</span> <span class='ocrx_word' id='word_1_170' title='bbox 559 2478 693 2542; x_wconf 91' lang='lat' dir='ltr'>istarum</span> <span class='ocrx_word' id='word_1_171' title='bbox 707 2480 824 2543; x_wconf 87' lang='lat' dir='ltr'>secreta</span> <span class='ocrx_word' id='word_1_172' title='bbox 845 2479 1025 2557; x_wconf 86' lang='lat' dir='ltr'>tradantur,</span> <span class='ocrx_word' id='word_1_173' title='bbox 1048 2481 1080 2543; x_wconf 90' lang='lat' dir='ltr'>et</span> <span class='ocrx_word' id='word_1_174' title='bbox 1094 2481 1130 2543; x_wconf 95' lang='lat' dir='ltr'>ut</span> <span class='ocrx_word' id='word_1_175' title='bbox 1144 2478 1224 2542; x_wconf 92' lang='lat' dir='ltr'>nihil</span> <span class='ocrx_word' id='word_1_176' title='bbox 1238 2477 1467 2561; x_wconf 87' lang='lat' dir='ltr'>praetermittat</span> <span class='ocrx_word' id='word_1_177' title='bbox 1481 2475 1600 2558; x_wconf 91' lang='lat' dir='ltr'>impro-</span> 
     </span>
     <span class='ocr_line' id='line_1_22' title="bbox 469 2579 1634 2664; baseline 0.001 -21"><span class='ocrx_word' id='word_1_178' title='bbox 469 2579 568 2659; x_wconf 85' lang='lat' dir='ltr'>bitas,</span> <span class='ocrx_word' id='word_1_179' title='bbox 592 2579 756 2646; x_wconf 87' lang='lat' dir='ltr'>histriones</span> <span class='ocrx_word' id='word_1_180' title='bbox 770 2581 863 2647; x_wconf 91' lang='lat' dir='ltr'>facite</span> <span class='ocrx_word' id='word_1_181' title='bbox 878 2582 1063 2647; x_wconf 85' lang='lat' dir='ltr'>sacerdotes:</span> <span class='ocrx_word' id='word_1_182' title='bbox 1087 2581 1166 2647; x_wconf 86' lang='lat' dir='ltr'>alter</span> <span class='ocrx_word' id='word_1_183' title='bbox 1187 2581 1309 2664; x_wconf 91' lang='lat' dir='ltr'>dignior</span> <span class='ocrx_word' id='word_1_184' title='bbox 1329 2580 1414 2644; x_wconf 92' lang='lat' dir='ltr'>locus</span> <span class='ocrx_word' id='word_1_185' title='bbox 1436 2579 1634 2663; x_wconf 72' lang='lat' dir='ltr'>religioni-²⁰</span> 
     </span>
     <span class='ocr_line' id='line_1_23' title="bbox 469 2682 1601 2766; baseline 0.001 -20"><span class='ocrx_word' id='word_1_186' title='bbox 469 2683 527 2747; x_wconf 90' lang='lat' dir='ltr'>bus</span> <span class='ocrx_word' id='word_1_187' title='bbox 541 2682 612 2747; x_wconf 91' lang='lat' dir='ltr'>istis</span> <span class='ocrx_word' id='word_1_188' title='bbox 627 2684 761 2748; x_wconf 90' lang='lat' dir='ltr'>inueniri</span> <span class='ocrx_word' id='word_1_189' title='bbox 772 2701 836 2749; x_wconf 92' lang='lat' dir='ltr'>non</span> <span class='ocrx_word' id='word_1_190' title='bbox 850 2685 981 2766; x_wconf 89' lang='lat' dir='ltr'>poterit:</span> <span class='ocrx_word' id='word_1_191' title='bbox 997 2685 1065 2750; x_wconf 85' lang='lat' dir='ltr'>illio</span> <span class='ocrx_word' id='word_1_192' title='bbox 1080 2702 1198 2749; x_wconf 90' lang='lat' dir='ltr'>amores</span> <span class='ocrx_word' id='word_1_193' title='bbox 1213 2682 1337 2748; x_wconf 84' lang='lat' dir='ltr'>deorum</span> <span class='ocrx_word' id='word_1_194' title='bbox 1352 2682 1426 2747; x_wconf 91' lang='lat' dir='ltr'>uilis</span> <span class='ocrx_word' id='word_1_195' title='bbox 1441 2683 1534 2748; x_wconf 87' lang='lat' dir='ltr'>turba</span> <span class='ocrx_word' id='word_1_196' title='bbox 1546 2683 1601 2747; x_wconf 94' lang='lat' dir='ltr'>de·</span> 
     </span>
     <span class='ocr_line' id='line_1_24' title="bbox 470 2785 1600 2870; baseline 0.002 -21"><span class='ocrx_word' id='word_1_197' title='bbox 470 2786 588 2865; x_wconf 85' lang='lat' dir='ltr'>cantet,</span> <span class='ocrx_word' id='word_1_198' title='bbox 610 2786 677 2850; x_wconf 89' lang='lat' dir='ltr'>illio</span> <span class='ocrx_word' id='word_1_199' title='bbox 699 2805 786 2851; x_wconf 89' lang='lat' dir='ltr'>casus</span> <span class='ocrx_word' id='word_1_200' title='bbox 807 2788 982 2870; x_wconf 91' lang='lat' dir='ltr'>mortesque</span> <span class='ocrx_word' id='word_1_201' title='bbox 1005 2788 1175 2866; x_wconf 75' lang='lat' dir='ltr'>saliretur,</span> <span class='ocrx_word' id='word_1_202' title='bbox 1199 2787 1265 2852; x_wconf 89' lang='lat' dir='ltr'>illio</span> <span class='ocrx_word' id='word_1_203' title='bbox 1280 2786 1408 2850; x_wconf 87' lang='lat' dir='ltr'>deorum</span> <span class='ocrx_word' id='word_1_204' title='bbox 1422 2786 1544 2869; x_wconf 87' lang='lat' dir='ltr'>templis</span> <span class='ocrx_word' id='word_1_205' title='bbox 1560 2785 1600 2851; x_wconf 86' lang='lat' dir='ltr'>ob</span> 
     </span>
     <span class='ocr_line' id='line_1_25' title="bbox 469 2887 1600 2974; baseline 0.002 -23"><span class='ocrx_word' id='word_1_206' title='bbox 469 2887 580 2968; x_wconf 87' lang='lat' dir='ltr'>irupiis</span> <span class='ocrx_word' id='word_1_207' title='bbox 594 2889 626 2953; x_wconf 92' lang='lat' dir='ltr'>et</span> <span class='ocrx_word' id='word_1_208' title='bbox 638 2889 825 2972; x_wconf 72' lang='lat' dir='ltr'>facinerosis</span> <span class='ocrx_word' id='word_1_209' title='bbox 834 2890 997 2974; x_wconf 77' lang='lat' dir='ltr'>magistris</span> <span class='ocrx_word' id='word_1_210' title='bbox 1007 2891 1120 2956; x_wconf 86' lang='lat' dir='ltr'>metius</span> <span class='ocrx_word' id='word_1_211' title='bbox 1134 2910 1221 2957; x_wconf 83' lang='lat' dir='ltr'>meris</span> <span class='ocrx_word' id='word_1_212' title='bbox 1231 2890 1351 2974; x_wconf 88' lang='lat' dir='ltr'>perdita</span> <span class='ocrx_word' id='word_1_213' title='bbox 1362 2891 1393 2953; x_wconf 94' lang='lat' dir='ltr'>et</span> <span class='ocrx_word' id='word_1_214' title='bbox 1404 2888 1600 2955; x_wconf 78' lang='lat' dir='ltr'>adulterium</span> 
     </span>
     <span class='ocr_line' id='line_1_26' title="bbox 471 2990 785 3057; baseline 0.01 -4"><span class='ocrx_word' id='word_1_215' title='bbox 471 2990 597 3055; x_wconf 92' lang='lat' dir='ltr'>docetur</span> <span class='ocrx_word' id='word_1_216' title='bbox 612 2993 643 3057; x_wconf 88' lang='lat' dir='ltr'>et</span> <span class='ocrx_word' id='word_1_217' title='bbox 658 2991 785 3057; x_wconf 88' lang='lat' dir='ltr'>facinus.</span> 
     </span>
    </p>
   </div>
   <div class='ocr_carea' id='block_1_3' title="bbox 417 3093 1630 3368">
    <p class='ocr_par' dir='ltr' id='par_1_3' title="bbox 417 3093 1630 3368">
     <span class='ocr_line' id='line_1_27' title="bbox 417 3093 1630 3180; baseline 0.005 -26"><span class='ocrx_word' id='word_1_218' title='bbox 417 3093 459 3154; x_wconf 75' lang='lat' dir='ltr'>it</span> <span class='ocrx_word' id='word_1_219' title='bbox 512 3094 633 3159; x_wconf 90' lang='lat' dir='ltr'>Discite</span> <span class='ocrx_word' id='word_1_220' title='bbox 652 3095 764 3172; x_wconf 84' lang='lat' dir='ltr'>etium,</span> <span class='ocrx_word' id='word_1_221' title='bbox 787 3097 973 3162; x_wconf 87' lang='lat' dir='ltr'>sacrosancti</span> <span class='ocrx_word' id='word_1_222' title='bbox 994 3097 1209 3180; x_wconf 85' lang='lat' dir='ltr'>imperatores,</span> <span class='ocrx_word' id='word_1_223' title='bbox 1232 3096 1442 3162; x_wconf 83' lang='lat' dir='ltr'>uenerandum</span> <span class='ocrx_word' id='word_1_224' title='bbox 1455 3094 1630 3161; x_wconf 77' lang='lat' dir='ltr'>Alexan-a</span> 
     </span>
     <span class='ocr_line' id='line_1_28' title="bbox 470 3197 1597 3284; baseline 0.003 -24"><span class='ocrx_word' id='word_1_225' title='bbox 470 3197 561 3260; x_wconf 84' lang='lat' dir='ltr'>drioe</span> <span class='ocrx_word' id='word_1_226' title='bbox 577 3217 695 3261; x_wconf 87' lang='lat' dir='ltr'>uumcu</span> <span class='ocrx_word' id='word_1_227' title='bbox 709 3198 793 3264; x_wconf 88' lang='lat' dir='ltr'>uude</span> <span class='ocrx_word' id='word_1_228' title='bbox 808 3199 943 3280; x_wconf 78' lang='lat' dir='ltr'>sumpsit</span> <span class='ocrx_word' id='word_1_229' title='bbox 958 3201 1132 3279; x_wconf 82' lang='lat' dir='ltr'>exordium,</span> <span class='ocrx_word' id='word_1_230' title='bbox 1148 3205 1184 3265; x_wconf 92' lang='lat' dir='ltr'>ut</span> <span class='ocrx_word' id='word_1_231' title='bbox 1198 3200 1356 3265; x_wconf 78' lang='lat' dir='ltr'>cuumuui</span> <span class='ocrx_word' id='word_1_232' title='bbox 1371 3203 1479 3264; x_wconf 85' lang='lat' dir='ltr'>uestro</span> <span class='ocrx_word' id='word_1_233' title='bbox 1493 3197 1597 3284; x_wconf 85' lang='lat' dir='ltr'>frugi-</span> 
     </span>
     <span class='ocr_line' id='line_1_29' title="bbox 469 3300 1596 3368; baseline 0.001 -4"><span class='ocrx_word' id='word_1_234' title='bbox 469 3300 559 3365; x_wconf 88' lang='lat' dir='ltr'>litate</span> <span class='ocrx_word' id='word_1_235' title='bbox 574 3300 696 3366; x_wconf 90' lang='lat' dir='ltr'>detecta</span> <span class='ocrx_word' id='word_1_236' title='bbox 717 3301 756 3367; x_wconf 89' lang='lat' dir='ltr'>ad</span> <span class='ocrx_word' id='word_1_237' title='bbox 776 3303 922 3367; x_wconf 89' lang='lat' dir='ltr'>ueritatis</span> <span class='ocrx_word' id='word_1_238' title='bbox 944 3303 1106 3368; x_wconf 82' lang='lat' dir='ltr'>exordium</span> <span class='ocrx_word' id='word_1_239' title='bbox 1130 3301 1334 3368; x_wconf 79' lang='lat' dir='ltr'>mortalitatis</span> <span class='ocrx_word' id='word_1_240' title='bbox 1354 3304 1474 3367; x_wconf 89' lang='lat' dir='ltr'>nostrae</span> <span class='ocrx_word' id='word_1_241' title='bbox 1497 3320 1596 3367; x_wconf 91' lang='lat' dir='ltr'>sermo</span> 
     </span>
    </p>
   </div>
   <div class='ocr_carea' id='block_1_4' title="bbox 399 3488 1596 4508">
    <p class='ocr_par' dir='ltr' id='par_1_4' title="bbox 459 3488 1596 3904">
     <span class='ocr_line' id='line_1_30' title="bbox 520 3488 1561 3559; baseline 0.001 -17"><span class='ocrx_word' id='word_1_242' title='bbox 520 3488 645 3542; x_wconf 89' lang='lat' dir='ltr'>lfialtae</span> <span class='ocrx_word' id='word_1_243' title='bbox 658 3491 686 3543; x_wconf 92' lang='lat' dir='ltr'><strong><em>P</em></strong></span> <span class='ocrx_word' id='word_1_244' title='bbox 735 3489 904 3559; x_wconf 74' lang='lat' dir='ltr'>drocepitu</span> <span class='ocrx_word' id='word_1_245' title='bbox 957 3490 1111 3546; x_wconf 76' lang='lat' dir='ltr'>dhercnlis</span> <span class='ocrx_word' id='word_1_246' title='bbox 1124 3492 1151 3543; x_wconf 91' lang='lat' dir='ltr'>et</span> <span class='ocrx_word' id='word_1_247' title='bbox 1164 3489 1315 3558; x_wconf 82' lang='lat' dir='ltr'>esculapius</span> <span class='ocrx_word' id='word_1_248' title='bbox 1328 3490 1356 3543; x_wconf 92' lang='lat' dir='ltr'><strong><em>P</em></strong></span> <span class='ocrx_word' id='word_1_249' title='bbox 1419 3489 1521 3559; x_wconf 82' lang='lat' dir='ltr'>7pede</span> <span class='ocrx_word' id='word_1_250' title='bbox 1534 3490 1561 3543; x_wconf 94' lang='lat' dir='ltr'><strong><em>P</em></strong></span> 
     </span>
     <span class='ocr_line' id='line_1_31' title="bbox 468 3574 1595 3644; baseline 0.001 -14"><span class='ocrx_word' id='word_1_251' title='bbox 468 3574 506 3630; x_wconf 88' lang='lat'>10</span> <span class='ocrx_word' id='word_1_252' title='bbox 518 3575 643 3628; x_wconf 79' lang='lat' dir='ltr'>etlilium</span> <span class='ocrx_word' id='word_1_253' title='bbox 653 3576 681 3628; x_wconf 94' lang='lat' dir='ltr'><strong><em>P</em></strong></span> <span class='ocrx_word' id='word_1_254' title='bbox 692 3580 723 3628; x_wconf 89' lang='lat' dir='ltr'>ut</span> <span class='ocrx_word' id='word_1_255' title='bbox 735 3576 861 3630; x_wconf 83' lang='lat' dir='ltr'>uidetur:</span> <span class='ocrx_word' id='word_1_256' title='bbox 875 3576 926 3629; x_wconf 90' lang='lat' dir='ltr'>Hic</span> <span class='ocrx_word' id='word_1_257' title='bbox 939 3591 970 3629; x_wconf 86' lang='lat' dir='ltr'>ex</span> <span class='ocrx_word' id='word_1_258' title='bbox 981 3575 1062 3630; x_wconf 79' lang='lat' dir='ltr'>Creta</span> <span class='ocrx_word' id='word_1_259' title='bbox 1074 3593 1106 3644; x_wconf 89' lang='lat' dir='ltr'>u;</span> <span class='ocrx_word' id='word_1_260' title='bbox 1119 3577 1151 3630; x_wconf 89' lang='lat' dir='ltr'>iu</span> <span class='ocrx_word' id='word_1_261' title='bbox 1162 3576 1210 3643; x_wconf 78' lang='lat' dir='ltr'>foi.</span> <span class='ocrx_word' id='word_1_262' title='bbox 1225 3577 1273 3632; x_wconf 70' lang='lat'>12¹2</span> <span class='ocrx_word' id='word_1_263' title='bbox 1290 3581 1316 3629; x_wconf 87' lang='lat' dir='ltr'>et</span> <span class='ocrx_word' id='word_1_264' title='bbox 1330 3576 1380 3633; x_wconf 67' lang='lat'>13⁵</span> <span class='ocrx_word' id='word_1_265' title='bbox 1395 3577 1483 3630; x_wconf 83' lang='lat' dir='ltr'>multu</span> <span class='ocrx_word' id='word_1_266' title='bbox 1500 3577 1595 3631; x_wconf 87' lang='lat' dir='ltr'>obscu-</span> 
     </span>
     <span class='ocr_line' id='line_1_32' title="bbox 461 3659 1595 3731; baseline 0.003 -18"><span class='ocrx_word' id='word_1_267' title='bbox 461 3665 531 3713; x_wconf 85' lang='lat' dir='ltr'>rotu</span> <span class='ocrx_word' id='word_1_268' title='bbox 542 3666 608 3714; x_wconf 87' lang='lat' dir='ltr'>suut</span> <span class='ocrx_word' id='word_1_269' title='bbox 621 3665 647 3713; x_wconf 89' lang='lat' dir='ltr'>ct</span> <span class='ocrx_word' id='word_1_270' title='bbox 658 3661 709 3713; x_wconf 86' lang='lat' dir='ltr'>uiro</span> <span class='ocrx_word' id='word_1_271' title='bbox 720 3661 774 3730; x_wconf 83' lang='lat' dir='ltr'>lcpi</span> <span class='ocrx_word' id='word_1_272' title='bbox 784 3668 902 3730; x_wconf 80' lang='lat' dir='ltr'>possunt</span> <span class='ocrx_word' id='word_1_273' title='bbox 919 3664 931 3730; x_wconf 84' lang='grc' dir='ltr'>ΙΙ</span> <span class='ocrx_word' id='word_1_274' title='bbox 947 3687 1017 3716; x_wconf 63' lang='lat' dir='ltr'>assu</span> <span class='ocrx_word' id='word_1_275' title='bbox 1030 3662 1033 3731; x_wconf 88' lang='grc' dir='ltr'>Ι</span> <span class='ocrx_word' id='word_1_276' title='bbox 1046 3661 1121 3714; x_wconf 89' lang='lat' dir='ltr'>tiuus</span> <span class='ocrx_word' id='word_1_277' title='bbox 1133 3663 1166 3726; x_wconf 88' lang='lat' dir='ltr'>P,</span> <span class='ocrx_word' id='word_1_278' title='bbox 1180 3662 1253 3730; x_wconf 79' lang='lat' dir='ltr'>quod</span> <span class='ocrx_word' id='word_1_279' title='bbox 1264 3668 1336 3717; x_wconf 85' lang='lat' dir='ltr'>recte</span> <span class='ocrx_word' id='word_1_280' title='bbox 1354 3659 1515 3716; x_wconf 87' lang='lat' dir='ltr'>Bursiuuus</span> <span class='ocrx_word' id='word_1_281' title='bbox 1530 3678 1595 3731; x_wconf 89' lang='lat' dir='ltr'>sup·</span> 
     </span>
     <span class='ocr_line' id='line_1_33' title="bbox 459 3736 1561 3818; baseline 0.003 -20"><span class='ocrx_word' id='word_1_282' title='bbox 459 3745 551 3812; x_wconf 75' lang='lat' dir='ltr'>vplesse</span> <span class='ocrx_word' id='word_1_283' title='bbox 572 3745 696 3809; x_wconf 88' lang='lat' dir='ltr'>uidetur,</span> <span class='ocrx_word' id='word_1_284' title='bbox 716 3762 732 3798; x_wconf 90' lang='lat' dir='ltr'>a</span> <span class='ocrx_word' id='word_1_285' title='bbox 752 3747 892 3815; x_wconf 87' lang='lat' dir='ltr'>Spartanis</span> <span class='ocrx_word' id='word_1_286' title='bbox 914 3766 944 3812; x_wconf 87' lang='lat' dir='ltr'>a,</span> <span class='ocrx_word' id='word_1_287' title='bbox 963 3748 1039 3802; x_wconf 72' lang='lat' dir='ltr'>uredo</span> <span class='ocrx_word' id='word_1_288' title='bbox 1059 3747 1087 3801; x_wconf 77' lang='lat' dir='ltr'>J.</span> <span class='ocrx_word' id='word_1_289' title='bbox 1109 3749 1158 3802; x_wconf 87' lang='lat' dir='ltr'>Fr.</span> <span class='ocrx_word' id='word_1_290' title='bbox 1182 3749 1341 3803; x_wconf 73' lang='lat' dir='ltr'>Grououius</span> <span class='ocrx_word' id='word_1_291' title='bbox 1364 3765 1380 3802; x_wconf 93' lang='lat' dir='ltr'>a</span> <span class='ocrx_word' id='word_1_292' title='bbox 1400 3736 1476 3818; x_wconf 67' lang='lat' dir='ltr'>pat&#39;ro</span> <span class='ocrx_word' id='word_1_293' title='bbox 1495 3748 1561 3802; x_wconf 87' lang='lat' dir='ltr'>Iano</span> 
     </span>
     <span class='ocr_line' id='line_1_34' title="bbox 467 3829 1596 3904; baseline 0.004 -20"><span class='ocrx_word' id='word_1_294' title='bbox 467 3830 502 3886; x_wconf 89' lang='lat'>13</span> <span class='ocrx_word' id='word_1_295' title='bbox 514 3829 639 3899; x_wconf 89' lang='lat' dir='ltr'>deceptus</span> <span class='ocrx_word' id='word_1_296' title='bbox 651 3832 717 3885; x_wconf 90' lang='lat' dir='ltr'>iuP</span> <span class='ocrx_word' id='word_1_297' title='bbox 727 3833 786 3898; x_wconf 85' lang='lat' dir='ltr'>fere</span> <span class='ocrx_word' id='word_1_298' title='bbox 799 3836 916 3888; x_wconf 84' lang='lat' dir='ltr'>euouuit</span> <span class='ocrx_word' id='word_1_299' title='bbox 969 3834 1005 3890; x_wconf 90' lang='grc'>14</span> <span class='ocrx_word' id='word_1_300' title='bbox 1017 3834 1184 3888; x_wconf 87' lang='lat' dir='ltr'>miserabiles</span> <span class='ocrx_word' id='word_1_301' title='bbox 1196 3836 1337 3904; x_wconf 86' lang='lat' dir='ltr'>suppleuit</span> <span class='ocrx_word' id='word_1_302' title='bbox 1346 3835 1386 3889; x_wconf 85' lang='lat' dir='ltr'>ed.</span> <span class='ocrx_word' id='word_1_303' title='bbox 1393 3837 1485 3904; x_wconf 79' lang='lat' dir='ltr'>priua.</span> <span class='ocrx_word' id='word_1_304' title='bbox 1496 3835 1529 3888; x_wconf 87' lang='lat' dir='ltr'>iu</span> <span class='ocrx_word' id='word_1_305' title='bbox 1539 3836 1596 3889; x_wconf 86' lang='lat' dir='ltr'>loco</span> 
     </span>
    </p>

    <p class='ocr_par' dir='ltr' id='par_1_5' title="bbox 399 3916 1596 4508">
     <span class='ocr_line' id='line_1_35' title="bbox 399 3916 1596 3991; baseline 0.007 -24"><span class='ocrx_word' id='word_1_306' title='bbox 399 3933 402 3938; x_wconf 92' lang='lat'>·</span> <span class='ocrx_word' id='word_1_307' title='bbox 460 3916 550 3984; x_wconf 84' lang='lat' dir='ltr'>piuuc</span> <span class='ocrx_word' id='word_1_308' title='bbox 559 3917 709 3981; x_wconf 82' lang='lat' dir='ltr'>obscurato,</span> <span class='ocrx_word' id='word_1_309' title='bbox 722 3918 771 3971; x_wconf 85' lang='lat' dir='ltr'>sed</span> <span class='ocrx_word' id='word_1_310' title='bbox 779 3926 871 3973; x_wconf 85' lang='lat' dir='ltr'>mouet</span> <span class='ocrx_word' id='word_1_311' title='bbox 877 3920 987 3974; x_wconf 80' lang='lat' dir='ltr'>Lorcur</span> <span class='ocrx_word' id='word_1_312' title='bbox 997 3922 1047 3974; x_wconf 81' lang='lat' dir='ltr'>boc</span> <span class='ocrx_word' id='word_1_313' title='bbox 1059 3921 1150 3974; x_wconf 82' lang='lat' dir='ltr'>uooub</span> <span class='ocrx_word' id='word_1_314' title='bbox 1160 3937 1214 3989; x_wconf 90' lang='lat' dir='ltr'>pro</span> <span class='ocrx_word' id='word_1_315' title='bbox 1226 3921 1317 3989; x_wconf 87' lang='lat' dir='ltr'>spatio</span> <span class='ocrx_word' id='word_1_316' title='bbox 1329 3922 1438 3991; x_wconf 72' lang='lat' dir='ltr'>lougius</span> <span class='ocrx_word' id='word_1_317' title='bbox 1447 3937 1518 3988; x_wconf 84' lang='lat' dir='ltr'>csse;</span> <span class='ocrx_word' id='word_1_318' title='bbox 1530 3922 1596 3975; x_wconf 84' lang='lat' dir='ltr'>hius</span> 
     </span>
     <span class='ocr_line' id='line_1_36' title="bbox 463 4002 1596 4071; baseline 0.006 -18"><span class='ocrx_word' id='word_1_319' title='bbox 463 4002 594 4069; x_wconf 78' lang='lat' dir='ltr'>suppleas</span> <span class='ocrx_word' id='word_1_320' title='bbox 606 4002 674 4071; x_wconf 93' lang='lat' dir='ltr'>inpii</span> <span class='ocrx_word' id='word_1_321' title='bbox 685 4004 731 4056; x_wconf 86' lang='lat' dir='ltr'>uel</span> <span class='ocrx_word' id='word_1_322' title='bbox 741 4004 850 4058; x_wconf 90' lang='lat' dir='ltr'>nefandi</span> <span class='ocrx_word' id='word_1_323' title='bbox 920 4007 958 4065; x_wconf 86' lang='lat'>15</span> <span class='ocrx_word' id='word_1_324' title='bbox 976 4008 1003 4060; x_wconf 92' lang='lat' dir='ltr'>et</span> <span class='ocrx_word' id='word_1_325' title='bbox 1015 4007 1101 4060; x_wconf 89' lang='lat' dir='ltr'>Deum</span> <span class='ocrx_word' id='word_1_326' title='bbox 1113 4007 1137 4060; x_wconf 94' lang='lat' dir='ltr'>d.</span> <span class='ocrx_word' id='word_1_327' title='bbox 1151 4024 1185 4059; x_wconf 93' lang='lat' dir='ltr'>m.</span> <span class='ocrx_word' id='word_1_328' title='bbox 1200 4007 1345 4061; x_wconf 85' lang='lat' dir='ltr'>colentesu</span> <span class='ocrx_word' id='word_1_329' title='bbox 1406 4007 1443 4064; x_wconf 81' lang='lat'>22</span> <span class='ocrx_word' id='word_1_330' title='bbox 1462 4008 1596 4062; x_wconf 83' lang='lat' dir='ltr'>saltantur</span> 
     </span>
     <span class='ocr_line' id='line_1_37' title="bbox 458 4087 1595 4162; baseline 0.009 -24"><span class='ocrx_word' id='word_1_331' title='bbox 458 4087 576 4154; x_wconf 73' lang='lat' dir='ltr'>scripsit</span> <span class='ocrx_word' id='word_1_332' title='bbox 605 4088 747 4141; x_wconf 82' lang='lat' dir='ltr'>saltatores</span> <span class='ocrx_word' id='word_1_333' title='bbox 766 4090 805 4154; x_wconf 87' lang='lat' dir='ltr'>P,</span> <span class='ocrx_word' id='word_1_334' title='bbox 825 4091 923 4145; x_wconf 83' lang='lat' dir='ltr'>litterr‘s</span> <span class='ocrx_word' id='word_1_335' title='bbox 943 4093 983 4146; x_wconf 88' lang='lat' dir='ltr'>sic</span> <span class='ocrx_word' id='word_1_336' title='bbox 1004 4110 1023 4146; x_wconf 88' lang='lat' dir='ltr'><strong><em>a</em></strong></span> <span class='ocrx_word' id='word_1_337' title='bbox 1042 4109 1129 4147; x_wconf 82' lang='lat' dir='ltr'>mauu</span> <span class='ocrx_word' id='word_1_338' title='bbox 1150 4098 1249 4147; x_wconf 85' lang='lat' dir='ltr'>receut.</span> <span class='ocrx_word' id='word_1_339' title='bbox 1271 4095 1415 4148; x_wconf 85' lang='lat' dir='ltr'>reuouatis</span> <span class='ocrx_word' id='word_1_340' title='bbox 1435 4096 1481 4162; x_wconf 76' lang='lat' dir='ltr'>(ccc</span> <span class='ocrx_word' id='word_1_341' title='bbox 1502 4099 1595 4148; x_wconf 83' lang='lat' dir='ltr'>uetere</span> 
     </span>
     <span class='ocr_line' id='line_1_38' title="bbox 464 4173 1594 4249; baseline 0.008 -25"><span class='ocrx_word' id='word_1_342' title='bbox 464 4173 607 4238; x_wconf 85' lang='lat' dir='ltr'>scripturo</span> <span class='ocrx_word' id='word_1_343' title='bbox 619 4179 684 4228; x_wconf 84' lang='lat' dir='ltr'>teste</span> <span class='ocrx_word' id='word_1_344' title='bbox 689 4175 825 4229; x_wconf 78' lang='lat' dir='ltr'>Lorcurio</span> <span class='ocrx_word' id='word_1_345' title='bbox 838 4178 909 4230; x_wconf 81' lang='lat' dir='ltr'>uidit</span> <span class='ocrx_word' id='word_1_346' title='bbox 918 4184 1036 4246; x_wconf 85' lang='lat' dir='ltr'>apparot</span> <span class='ocrx_word' id='word_1_347' title='bbox 1048 4180 1104 4233; x_wconf 89' lang='lat' dir='ltr'>uisi</span> <span class='ocrx_word' id='word_1_348' title='bbox 1113 4184 1234 4233; x_wconf 81' lang='lat' dir='ltr'>extremo</span> <span class='ocrx_word' id='word_1_349' title='bbox 1243 4181 1350 4246; x_wconf 83' lang='lat' dir='ltr'>littero,</span> <span class='ocrx_word' id='word_1_350' title='bbox 1363 4197 1457 4249; x_wconf 80' lang='lat' dir='ltr'>quaer</span> <span class='ocrx_word' id='word_1_351' title='bbox 1469 4181 1577 4247; x_wconf 83' lang='lat' dir='ltr'>fuerat)</span> <span class='ocrx_word' id='word_1_352' title='bbox 1584 4200 1594 4246; x_wconf 78' lang='lat'>,-</span> 
     </span>
     <span class='ocr_line' id='line_1_39' title="bbox 462 4257 1593 4334; baseline 0.01 -25"><span class='ocrx_word' id='word_1_353' title='bbox 462 4257 610 4311; x_wconf 88' lang='lat' dir='ltr'>saltatores</span> <span class='ocrx_word' id='word_1_354' title='bbox 623 4259 765 4313; x_wconf 89' lang='lat' dir='ltr'>exhibeant</span> <span class='ocrx_word' id='word_1_355' title='bbox 777 4263 846 4315; x_wconf 89' lang='lat' dir='ltr'>coui.</span> <span class='ocrx_word' id='word_1_356' title='bbox 863 4264 1014 4328; x_wconf 86' lang='lat' dir='ltr'>Wowerus,</span> <span class='ocrx_word' id='word_1_357' title='bbox 1035 4265 1096 4320; x_wconf 86' lang='lat' dir='ltr'>salt.</span> <span class='ocrx_word' id='word_1_358' title='bbox 1116 4265 1217 4319; x_wconf 90' lang='lat' dir='ltr'>saltent</span> <span class='ocrx_word' id='word_1_359' title='bbox 1242 4266 1352 4334; x_wconf 85' lang='lat' dir='ltr'>Oebter;</span> <span class='ocrx_word' id='word_1_360' title='bbox 1371 4268 1423 4320; x_wconf 88' lang='lat' dir='ltr'>loci</span> <span class='ocrx_word' id='word_1_361' title='bbox 1446 4268 1506 4333; x_wconf 84' lang='lat' dir='ltr'>fere</span> <span class='ocrx_word' id='word_1_362' title='bbox 1527 4282 1593 4320; x_wconf 85' lang='lat' dir='ltr'>cou-</span> 
     </span>
     <span class='ocr_line' id='line_1_40' title="bbox 462 4343 1594 4420; baseline 0.009 -25"><span class='ocrx_word' id='word_1_363' title='bbox 462 4343 578 4396; x_wconf 82' lang='lat' dir='ltr'>oiumuti</span> <span class='ocrx_word' id='word_1_364' title='bbox 597 4346 646 4412; x_wconf 82' lang='lat' dir='ltr'>pui</span> <span class='ocrx_word' id='word_1_365' title='bbox 664 4347 789 4414; x_wconf 79' lang='lat' dir='ltr'>sequitur</span> <span class='ocrx_word' id='word_1_366' title='bbox 810 4349 964 4402; x_wconf 84' lang='lat' dir='ltr'>emoudatio</span> <span class='ocrx_word' id='word_1_367' title='bbox 983 4350 1130 4405; x_wconf 83' lang='lat' dir='ltr'>aduroduru</span> <span class='ocrx_word' id='word_1_368' title='bbox 1149 4353 1258 4406; x_wconf 85' lang='lat' dir='ltr'>iucerto</span> <span class='ocrx_word' id='word_1_369' title='bbox 1279 4357 1317 4406; x_wconf 86' lang='lat' dir='ltr'>est</span> <span class='ocrx_word' id='word_1_370' title='bbox 1340 4354 1351 4420; x_wconf 92' lang='grc' dir='ltr'>ΙΙ</span> <span class='ocrx_word' id='word_1_371' title='bbox 1374 4353 1433 4406; x_wconf 91' lang='lat' dir='ltr'>illio</span> <span class='ocrx_word' id='word_1_372' title='bbox 1445 4352 1553 4406; x_wconf 90' lang='lat' dir='ltr'>deorum</span> <span class='ocrx_word' id='word_1_373' title='bbox 1565 4350 1594 4405; x_wconf 92' lang='lat' dir='ltr'>in</span> 
     </span>
     <span class='ocr_line' id='line_1_41' title="bbox 458 4428 1594 4508; baseline 0.011 -29"><span class='ocrx_word' id='word_1_374' title='bbox 458 4428 576 4496; x_wconf 83' lang='lat' dir='ltr'>templis</span> <span class='ocrx_word' id='word_1_375' title='bbox 588 4446 619 4493; x_wconf 88' lang='lat' dir='ltr'>u,</span> <span class='ocrx_word' id='word_1_376' title='bbox 639 4430 696 4483; x_wconf 89' lang='lat' dir='ltr'>illis</span> <span class='ocrx_word' id='word_1_377' title='bbox 719 4431 744 4485; x_wconf 93' lang='lat' dir='ltr'>d.</span> <span class='ocrx_word' id='word_1_378' title='bbox 763 4432 791 4485; x_wconf 92' lang='lat' dir='ltr'>in</span> <span class='ocrx_word' id='word_1_379' title='bbox 808 4434 917 4502; x_wconf 89' lang='lat' dir='ltr'>templis</span> <span class='ocrx_word' id='word_1_380' title='bbox 933 4436 1074 4491; x_wconf 82' lang='lat' dir='ltr'>Woroerus</span> <span class='ocrx_word' id='word_1_381' title='bbox 1130 4437 1166 4494; x_wconf 80' lang='lat'>26</span> <span class='ocrx_word' id='word_1_382' title='bbox 1185 4438 1329 4508; x_wconf 86' lang='lat' dir='ltr'>sumpserit</span> <span class='ocrx_word' id='word_1_383' title='bbox 1342 4456 1361 4492; x_wconf 87' lang='lat' dir='ltr'>o</span> <span class='ocrx_word' id='word_1_384' title='bbox 1383 4441 1394 4508; x_wconf 77' lang='lat' dir='ltr'>ll</span> <span class='ocrx_word' id='word_1_385' title='bbox 1417 4440 1449 4492; x_wconf 89' lang='lat' dir='ltr'>ut</span> <span class='ocrx_word' id='word_1_386' title='bbox 1461 4437 1594 4492; x_wconf 89' lang='lat' dir='ltr'>communi</span> 
     </span>
    </p>
   </div>
   <div class='ocr_carea' id='block_1_5' title="bbox 0 0 2036 5559">
    <p class='ocr_par' dir='ltr' id='par_1_6' title="bbox 0 0 2036 5559">
     <span class='ocr_line' id='line_1_42' title="bbox 0 0 2036 5559; baseline 0 0"><span class='ocrx_word' id='word_1_387' title='bbox 0 0 2036 5559; x_wconf 95' lang='lat' dir='ltr'> </span> 
     </span>
    </p>
   </div>
  </div>
 </body>
</html>
