4050 5559
449 623 541 675 XVIII

449 794 533 854 tum.
573 777 698 870 Zaooo
720 790 751 852 et
780 776 995 879 Chrysippus
1027 791 1094 854 eto.
1127 781 1423 880 deprauationem
1454 793 1577 856 autem

449 900 520 974 loci
542 899 627 972 hino
650 910 766 972 ortam
790 923 869 972 esse
885 899 1071 998 probabile
1087 901 1240 990 uidetur,
1265 904 1365 1000 quod
1380 927 1461 976 oum
1486 927 1578 1001 quae

450 1022 496 1095 de
514 1020 763 1118 Theophrasto
783 1018 916 1118 scripta
943 1031 1064 1110 erant,
1092 1022 1384 1112 intercidissent,
1408 1047 1456 1096 ex
1481 1048 1579 1095 mar·

451 1141 535 1239 gine
559 1139 723 1238 suppleta
744 1152 781 1213 et
802 1141 838 1213 in
867 1140 1026 1213 alienum
1053 1141 1172 1215 locum
1200 1142 1346 1216 nomine
1373 1141 1579 1242 philosophi

452 1261 629 1353 (aristoles
649 1261 836 1356 porthmos)
869 1286 915 1332 ex
943 1261 1075 1333 uicinia
1101 1262 1226 1334 addito
1253 1261 1362 1334 inlata
1389 1273 1485 1334 sunt.

503 1379 614 1469 Quod
636 1405 664 1450 o.
685 1382 745 1470 20,
770 1383 791 1452 3
816 1381 853 1452 in
873 1380 998 1453 codice
1016 1382 1195 1478 seriptum
1215 1392 1287 1454 est:
1309 1394 1348 1454 ut
1366 1394 1489 1455 tamem
1505 1405 1579 1454 cre-

450 1501 605 1576 dt'dert'ot
631 1501 736 1574 etiam
762 1500 836 1572 alio
862 1500 967 1594 (talia
993 1511 1089 1573 reete
1119 1500 1326 1600 Vonokius)
1358 1514 1579 1575 monstruosa

450 1622 546 1695 miro
572 1621 758 1710 maraculo,
778 1619 933 1719 Scyllum
950 1621 1186 1718 multaph'oeoa
1223 1618 1447 1696 Chimaeram
1463 1621 1580 1694 multi-

447 1744 599 1834 formem
614 1751 698 1831 eto,
714 1743 789 1813 iam
805 1741 949 1836 primus
965 1739 1086 1814 editor
1097 1738 1261 1815 Sahaeus
1280 1751 1380 1815 recte
1399 1741 1581 1814 intellexit

450 1861 545 1935 miro
564 1865 665 1960 (ante
682 1859 872 1957 miracala)
897 1884 944 1932 ex
961 1885 1067 1933 mera
1083 1862 1332 1961 dittographia
1347 1872 1472 1934 ortum
1488 1886 1578 1952 esse,

451 1983 556 2055 ouius
580 1981 700 2054 simile
735 1989 791 2051 est
817 1981 950 2052 uitium
980 2006 1056 2078 cap.
1078 1984 1137 2071 36,
1158 1985 1180 2055 5
1208 1984 1246 2055 in
1265 1983 1332 2054 hac
1352 1983 1485 2055 codicis
1507 1983 1580 2054 leo-

450 2103 571 2174 tione:
599 2100 781 2174 arcessitae
806 2101 1028 2198 patrimonio
1055 2102 1302 2176 uetustatis
1329 2103 1420 2176 diem
1439 2127 1581 2200 pascua

381 2267 387 2291 r
445 2234 655 2320 pascitotur,
681 2246 756 2318 quo
783 2221 821 2292 in
851 2220 933 2294 loco
949 2219 1110 2294 Vrsinus
1131 2222 1225 2295 uidit
1243 2222 1341 2295 illud
1347 2248 1488 2321 postero
1504 2247 1580 2294 non

453 2341 714 2438 corrigendum
742 2341 806 2413 sed
833 2344 1072 2415 resecandum
1096 2368 1185 2415 esse.
1213 2343 1340 2416 eodem
1366 2343 1454 2415 uitio
1477 2342 1581 2414 laho-

403 2555 405 2558 .
451 2472 598 2534 raptem
620 2462 743 2532 locum
771 2459 919 2534 Firmioi
941 2462 1101 2536 Materni
1130 2463 1223 2562 (cap.
1248 2466 1308 2552 28,
1340 2467 1401 2535 11:
1424 2461 1506 2536 hiae
1528 2486 1579 2535 se-

451 2582 584 2654 ueritas
609 2606 764 2678 poenae,
805 2579 888 2656 heito
920 2583 1240 2657 animaduersionis
1271 2595 1364 2655 meta
1397 2583 1581 2656 metuendo

451 2701 638 2798 sententia)
665 2702 734 2798 ipsi
762 2704 992 2774 correximus
1021 2704 1176 2775 molesto
1204 2704 1269 2775 illo
1295 2715 1388 2776 matu
1420 2704 1579 2777 sublato

504 2819 736 2919 Disputatio,
760 2846 853 2917 quae
875 2847 895 2892 a
917 2821 1076 2895 Minucio
1101 2849 1174 2921 cap.
1192 2826 1340 2895 21-23
1365 2823 1579 2913 instituitur,

453 2966 584 3037 magna
613 2938 751 3013 laborat
778 2940 1010 3032 confusione,
1040 2943 1102 3014 sed
1129 2945 1219 3016 haec
1246 2969 1318 3014 non
1346 2942 1483 3014 auctori
1510 2942 1581 3039 ipsi

453 3063 677 3161 imputanda,
706 3061 768 3134 sed
797 3060 880 3133 inde
908 3074 987 3134 orta
1014 3073 1086 3153 est,
1115 3062 1212 3159 quod
1239 3061 1275 3132 in
1305 3061 1428 3134 codice
1454 3060 1580 3132 arche·

452 3192 543 3281 typo
571 3183 659 3253 duas
688 3181 835 3254 schedas
863 3183 958 3254 inter
985 3208 1022 3254 se
1050 3182 1288 3281 transpositas
1315 3206 1393 3253 esse
1420 3190 1579 3277 apparet.

454 3303 523 3375 hoe
551 3302 688 3400 optime
715 3303 902 3399 perspexit
928 3301 962 3375 J.
991 3301 1033 3375 G.
1060 3301 1310 3375 Lindnerus
1334 3300 1391 3401 (of.
1416 3300 1494 3371 eius
1517 3324 1580 3371 ex-

455 3450 603 3527 cursum
633 3422 697 3511 HI,
725 3449 759 3519 p.
790 3425 862 3494 317
887 3448 939 3519 sq.
963 3423 1018 3494 ed.
1044 3424 1096 3520 2),
1125 3422 1186 3493 sed
1216 3447 1322 3493 nemo
1352 3446 1478 3491 sanum
1502 3419 1579 3492 eius

454 3544 630 3616 iudicium
657 3554 801 3615 secutus
829 3552 885 3614 est
911 3552 1057 3639 praeter
1089 3540 1379 3613 Russwurmium
1407 3539 1443 3610 in
1471 3539 1578 3611 inter·

455 3663 658 3760 pretatione
681 3661 886 3758 germanica
913 3660 1066 3748 Octauii,
1091 3686 1180 3757 quae
1202 3658 1404 3757 Hamburgi
1426 3686 1455 3732 a.
1481 3662 1580 3733 1824

454 3781 600 3880 prodiit.
628 3781 807 3853 Minucius
834 3780 965 3878 prohat
991 3780 1083 3867 illos,
1112 3780 1174 3876 qui
1201 3779 1251 3852 dii
1279 3791 1473 3875 putentur,
1514 3781 1579 3852 ho-

455 3901 572 3974 mines
600 3901 710 3973 fuisse
740 3914 776 3973 et
814 3913 899 3998 post
926 3910 1079 3972 mortem
1108 3913 1336 3973 consecratos
1363 3927 1451 3975 esse.
1479 3899 1578 3997 Lapa,

455 4023 574 4119 inquit
602 4024 653 4118 (p.
679 4024 738 4111 29,
767 4022 824 4117 9),
851 4019 1098 4093 historicorum
1124 4022 1258 4119 scripta
1283 4022 1340 4094 uel
1362 4022 1496 4119 scripto
1523 4047 1580 4093 sa-

453 4143 644 4241 pientium:
671 4144 791 4214 eadem
817 4166 952 4213 raecum
977 4165 1211 4238 reoophosoas.
1239 4143 1309 4214 iam
1335 4142 1496 4239 primum
1519 4140 1580 4211 ad-

455 4263 527 4334 fert
542 4260 844 4359 philosophorum
859 4260 1066 4332 testimonla
1083 4264 1133 4359 (p.
1155 4265 1213 4353 29,
1234 4261 1409 4358 13-21),
1438 4260 1579 4350 deinde,

456 4394 497 4454 ut
524 4383 614 4454 ordo
642 4380 761 4452 estin
789 4381 866 4453 cod.
895 4380 1070 4472 Parisin0,
1100 4382 1221 4455 subito
1248 4381 1378 4455 transit
1405 4382 1450 4452 ad
1478 4406 1578 4453 saera

456 4515 494 4575 et
515 4502 689 4600 mysteria
712 4503 1032 4600 (p.31,10sqq.):
1056 4503 1241 4577 considero
1264 4501 1441 4599 danique
1461 4498 1580 4598 [quasi
