4050 5559
799 676 874 747 dap.
895 676 1013 737 15-16.
1429 677 1471 740 99

351 827 431 912 ignis
454 827 604 894 uiolentia
623 833 749 914 cogente
770 831 898 914 spiritus
918 832 1063 915 pascitur.
1086 831 1137 896 hio
1158 832 1205 896 661
1225 830 1323 895 exitus
1343 829 1500 911 finisque5

352 932 462 1009 uester,
478 931 553 996 haec
568 933 615 997 661
628 952 724 1015 poena
739 954 832 1016 quam
845 953 901 1018 pro
916 935 1051 1017 deceptis
1061 934 1237 998 hominibus
1248 933 1332 998 Deus
1344 933 1470 998 statuit:

352 1034 385 1097 61
398 1034 555 1116 perpetuis
570 1035 677 1100 ardeat
690 1036 825 1101 flammis
848 1038 902 1119 661
922 1038 1026 1102 contra
1045 1036 1238 1102 uoluntatem
1252 1036 1311 1100 Dei
1325 1037 1473 1100 miserum

351 1135 506 1201 hominem
521 1137 577 1201 aut
591 1137 710 1220 decepit
724 1140 779 1203 aut
793 1139 936 1222 perdidit.
961 1140 1031 1204 uolo
1047 1157 1119 1204 sane
1134 1138 1299 1222 diligenter
1318 1138 1472 1220 inquirere

322 1263 333 1301 6
351 1239 437 1303 66166
452 1239 610 1306 Mineruae
624 1240 681 1306 hoc
702 1243 812 1307 uolunt
838 1261 903 1308 6666
925 1243 1065 1327 signum:
1087 1242 1190 1325 plures
1212 1241 1294 1306 enim
1316 1241 1471 1305 Mineruas

350 1340 443 1405 fuisse
459 1343 579 1407 constat
593 1362 648 1409 neo
663 1344 775 1427 aliquis
789 1347 823 1409 in
837 1346 899 1410 ista
914 1347 1000 1428 parto
1016 1345 1168 1410 dissentit.
1192 1344 1346 1429 singulare
1366 1343 1471 1424 itaque
1515 1375 1520 1384 ·

320 1438 322 1441 ’
350 1463 461 1528 genua,
490 1446 686 1526 institutum,
724 1451 823 1514 artem
845 1450 1095 1533 propositumque
1117 1448 1269 1525 (11661666,
1307 1446 1343 1510 61
1364 1463 1400 1508 ox
1421 1445 1470 1509 his

350 1547 492 1612 omnibus
513 1549 646 1614 inueniri
672 1552 769 1633 possit
794 1552 973 1617 Palladium
995 1552 1083 1617 66166
1104 1552 1262 1616 Mineruae
1284 1549 1326 1614 sit
1347 1548 1469 1613 nomine

350 1651 568 1715 consecratum.

322 1783 343 1822 6
391 1750 533 1834 Quinque
553 1755 708 1820 Mineruae
730 1756 824 1823 fuisse
851 1756 1024 1842 legentibus
1051 1755 1139 1820 nobis
1166 1754 1262 1819 tradit
1290 1753 1465 1836 antiquitas.
1480 1747 1519 1811 lo

349 1873 410 1920 nna
425 1856 610 1922 estVulcani
624 1857 706 1936 filia,
722 1878 798 1940 quae
813 1858 950 1924 Athenas
965 1858 1116 1936 condidit,
1138 1877 1231 1939 quam
1246 1878 1281 1923 ex
1295 1859 1469 1942 agrestibus

349 1955 424 2020 locis
448 1957 488 2021 ad
510 1959 643 2025 urbanae
664 1962 902 2026 conuersationis
923 1961 1061 2025 ordinem
1081 1960 1197 2025 rustica
1216 1960 1308 2025 turba
1324 1961 1470 2025 comitata

350 2061 405 2124 cst.
429 2061 491 2125 1611
505 2061 567 2126 alia
581 2063 614 2126 in
628 2061 770 2148 Aegypto
784 2064 851 2128 Nili
865 2064 947 2148 regis
961 2063 1041 2141 filia,
1057 2062 1207 2127 textrinae
1218 2063 1294 2127 artis
1305 2063 1469 2146 magistra:

349 2162 443 2226 tortia
467 2182 540 2228 uero
564 2166 652 2247 patre
678 2165 808 2231 Saturno
823 2167 929 2251 genita
943 2167 1004 2244 661,
1031 2165 1085 2231 sed
1098 2165 1176 2231 hanc
1191 2166 1361 2249 uiraginem
1376 2165 1470 2230 fuisse

320 2269 607 2332 recommemorent:
630 2287 702 2333 nam
727 2288 897 2350 numquam
923 2287 954 2333 se
979 2269 1061 2333 intra
1080 2267 1206 2333 feminei
1221 2287 1309 2332 sexus
1324 2286 1470 2333 uerecun-

350 2367 435 2432 diam
450 2369 559 2447 tenuit,
575 2370 628 2434 sed
643 2389 728 2435 arma
742 2389 861 2453 semper
876 2371 1098 2455 strepitumque
1112 2389 1284 2454 pugnarum
1299 2371 1331 2434 et
1345 2371 1470 2436 cruenta

350 2471 455 2535 secuta
480 2472 527 2536 est
552 2472 654 2536 studia
678 2472 839 2539 bellorum.
857 2476 982 2556 quarta
998 2473 1081 2537 Iouis
1097 2471 1209 2538 Cretici
1223 2473 1304 2556 regis
1320 2472 1381 2537 fuit
1395 2472 1468 2550 filia,

351 2590 428 2653 quae
449 2574 582 2638 occisum
605 2576 686 2657 patri
701 2576 814 2641 detulit
828 2576 983 2641 Liberum.
1005 2576 1010 2658 1
1030 2576 1137 2658 661616
1161 2575 1302 2640 Pallante
1326 2576 1413 2657 patre
1438 2575 1586 2640 616616.

351 2674 495 2740 Titanida
509 2678 609 2742 matre
624 2679 690 2742 orta
704 2680 765 2756 661,
789 2698 865 2760 quae
884 2680 981 2760 patris
1001 2679 1154 2761 appellata
1168 2678 1289 2743 nomino
1303 2677 1408 2741 Pallas
1422 2678 1497 2742 6612

317 2777 388 2841 661)
408 2778 586 2843 hominibus
611 2782 793 2862 nuncupata.
822 2780 897 2844 haec
921 2781 1115 2862 parricidalis
1140 2781 1277 2845 amentia
1302 2780 1413 2845 furoris
1439 2781 1471 2844 et

349 2900 500 2946 uaesanae
524 2883 708 2948 temeritatis
733 2883 882 2948 instinctu
907 2884 1029 2966 patrem
1048 2883 1223 2948 Pallantem
1243 2883 1359 2948 crudeli
1374 2883 1472 2947 morte

350 2983 508 3067 iugularit
533 3004 588 3050 nec
613 2986 747 3068 simplici
772 2986 868 3068 patris
893 2986 991 3051 morte
1017 2987 1173 3064 contenta,
1197 2988 1233 3050 ut
1249 2986 1366 3050 diutius
1381 2984 1473 3050 malis

350 3087 415 3150 6616
430 3086 583 3152 frueretur
597 3090 629 3153 et
642 3090 679 3153 ut
693 3089 730 3153 de
744 3090 843 3153 morte
857 3088 955 3171 patris
982 3089 1135 3154 crudelius
1158 3088 1378 3170 triumpharet,
1400 3107 1473 3153 oxu-

351 3189 412 3253 uiis
428 3190 561 3271 corporis
576 3191 641 3255 6166
656 3191 779 3256 omatao
794 3191 921 3269 666166,
944 3191 980 3254 61
995 3190 1152 3274 parricidii
1173 3189 1290 3253 facinus
1307 3209 1342 3254 ex
1357 3190 1473 3255 crudeli

319 3311 342 3352 a
352 3292 555 3357 661661611666
568 3294 747 3375 publicaret.
771 3293 863 3357 huius
878 3293 1132 3370 661Ρ611611616,
1154 3310 1208 3374 pro
1223 3291 1322 3370 nefas,
1351 3291 1474 3355 nomine

353 3396 577 3473 consecratum,
600 3396 676 3461 haec
690 3397 737 3460 est
751 3397 857 3461 Pallas
872 3415 949 3477 6666
965 3396 1093 3473 colitur,
1116 3394 1192 3459 haec
1212 3395 1259 3458 661
1279 3413 1356 3474 6666
1371 3393 1473 3474 ponti-

352 3495 436 3561 ficali
450 3497 518 3580 lege
534 3499 688 3577 seruatur,
712 3500 744 3563 et
758 3499 845 3563 66166
859 3499 979 3563 facinus
999 3497 1135 3562 66666166
1157 3496 1296 3560 damnari
1316 3495 1473 3573 debuerat,
1570 3528 1573 3533 ·

354 3599 419 3663 eius
439 3599 543 3684 imago
564 3600 743 3682 suppliciter
763 3602 914 3666 adoratur.
945 3600 1088 3682 adponite
1109 3599 1230 3682 ignem,
1254 3599 1364 3681 augete
1384 3597 1474 3661 flam·

354 3720 435 3780 mas,
459 3703 495 3765 61
516 3703 693 3767 cottidianis
720 3703 876 3768 sacrificiis
905 3703 1017 3766 uestris
1043 3701 1141 3766 discat
1166 3700 1278 3765 ardore.
1303 3700 1377 3782 quid
1392 3701 1475 3764 enim

319 3806 489 3871 comeretur
508 3805 594 3870 aliud
612 3805 763 3888 parricida
787 3805 847 3870 nisi
867 3808 903 3869 ut
925 3806 1073 3887 perpetua
1092 3803 1265 3868 imitatione
1279 3803 1476 3868 flammarum

405 4026 421 4081 1
436 4028 545 4094 cogente
555 4043 618 4080 666·
632 4027 737 4096 cogenti
743 4027 776 4090 P,
787 4024 921 4095 congeniti
930 4043 955 4090 6,
966 4024 1084 4094 cogentis
1094 4025 1221 4078 Β166166
1262 4023 1298 4080 16
1308 4025 1476 4094 strepituque

354 4110 381 4163 P
416 4111 452 4167 19
463 4112 599 4165 Tritonide
605 4111 661 4165 Jos.
671 4112 791 4181 Scaliger
796 4132 806 4179 ;
816 4118 846 4164 ut
854 4129 880 4164 6.
888 4111 1142 4166 1166.Α166.Ρ6616
1154 4109 1400 4178 261Α66611669,
1411 4115 1447 4164 10

355 4195 389 4251 21
407 4213 520 4262 resonae
534 4199 574 4251 P.-
593 4213 706 4251 uesanae
719 4196 778 4250 611.
832 4197 870 4252 23
889 4196 991 4249 exubiis
1005 4198 1032 4251 P
1083 4195 1122 4251 24
1140 4197 1361 4264 6666166661Ρς
1380 4198 1476 4249 ornata

354 4283 436 4346 6616,
455 4285 532 4336 ornat
544 4285 648 4336 scutum
660 4284 728 4336 6661.
742 4283 868 4336 Bursian
873 4303 884 4350 ;
901 4284 965 4349 fort.
988 4284 1096 4335 ornatae
1119 4284 1181 4335 6661
1201 4297 1309 4350 manus,
1328 4283 1476 4336 61Ρ61166

354 4367 385 4420 16
402 4369 715 4438 6666661666161166
735 4374 960 4435 repraesentatur
981 4368 1120 4421 16661666
1144 4367 1239 4437 6661616
1258 4373 1475 4437 1616666666,

354 4469 436 4520 quum
444 4455 762 4520 16616166616166166,·
772 4455 808 4519 cf.
820 4453 849 4507 0.
856 4453 1275 4520 Μ661166116616116ΜΟβ7.
1283 4453 1325 4520 H,
1333 4455 1376 4517 21,
1383 4455 1441 4506 229

356 4538 393 4597 25
411 4541 477 4609 proh
491 4557 509 4593 6
569 4538 1164 4604 696166666666661),6166666
1226 4538 1266 4594 30
1282 4539 1477 4606 6616116666·

356 4627 421 4691 fort.
432 4625 637 4679 circumdatione

1231 4711 1274 4773 7*
