4050 5559
725 756 826 809 Index
844 756 1020 810 uerborum
1040 758 1072 809 et
1090 756 1301 810 locutionem.
1530 760 1590 823 137

462 912 644 966 substantiam
656 913 944 980 uuluntProseminam
953 913 993 965 di·
1063 913 1147 978 12,1;
1173 915 1297 968 morituri
1313 913 1432 968 draconis
1450 911 1500 965 hoc
1521 911 1590 965 sola·

463 1014 520 1051 cere
533 1000 574 1063 17,
588 1000 606 1056 3
613 1018 620 1061 ;
638 1016 684 1067 pcr
696 1014 800 1051 omnam
812 997 992 1051 substantiam
1062 999 1132 1052 cium
1145 1002 1196 1064 est,
1215 1002 1246 1053 ut
1254 1000 1366 1053 exitium
1378 1015 1454 1052 suum
1467 997 1590 1065 frequens

462 1084 567 1153 generis
583 1085 626 1138 tui
644 1083 756 1138 fecunda
766 1099 850 1152 paena
861 1083 992 1137 diuiditur
1061 1085 1225 1153 perditorum
1244 1084 1324 1139 turba
1338 1083 1480 1139 comitetur
1497 1081 1541 1146 26,
1557 1081 1591 1144 31

461 1169 504 1234 28,
519 1170 571 1232 10;
584 1171 707 1224 uoluntas
726 1169 770 1223 dei
782 1168 893 1237 perfecti
905 1168 991 1237 operis
1061 1172 1097 1237 cf.
1111 1173 1192 1224 etiam
1210 1172 1237 1239 5,
1251 1170 1270 1226 4
1288 1177 1314 1225 et
1326 1170 1359 1224 de
1368 1169 1512 1224 similiasa
1521 1183 1588 1237 pao-

460 1255 613 1309 substantia
626 1258 666 1308 est
684 1254 727 1318 26,
742 1255 760 1311 3
1062 1258 1181 1311 amatus
1199 1273 1225 1310 se
1244 1257 1267 1321 7,
1282 1257 1299 1312 6

426 1341 576 1410 supplicare
589 1341 705 1410 aliquem
722 1339 766 1405 28,
780 1343 811 1394 11

426 1443 500 1490 suus,
520 1428 569 1480 aba'
586 1427 642 1480 eius
655 1433 702 1481 etc.
716 1433 899 1495 exspectares:
928 1428 992 1496 quid
1026 1427 1134 1481 turbare
1153 1428 1288 1481 amicitiae
1306 1424 1450 1488 iura12,6

459 1513 509 1566 hcc
521 1512 644 1582 frugibus
656 1512 770 1581 profuit,
799 1515 829 1566 ut
847 1513 918 1566 fetus
931 1529 991 1567 suos
1025 1513 1195 1567 turbulentus
1213 1529 1284 1567 error
1303 1511 1343 1576 17,
1358 1509 1378 1566 4

460 1599 554 1651 annuis
572 1597 723 1651 ululatibus
745 1599 897 1653 seminent?
917 1600 942 1663 3,
956 1599 991 1662 4;

459 1683 528 1751 quod
548 1685 649 1737 terram
672 1685 785 1737 matrem
804 1685 990 1737 esseomnium
1026 1700 1138 1737 uenena:
1165 1684 1209 1738 hic
1237 1683 1339 1753 (Liber)
1359 1698 1418 1735 eum
1445 1678 1588 1732 muliebres

459 1767 567 1822 deorum
578 1770 709 1835 dicunt„
728 1785 789 1823 uere
807 1768 914 1824 deorum
931 1786 990 1823 suo·
1060 1771 1161 1822 animos
1182 1769 1291 1824 uenenis
1306 1766 1465 1836 quibusdem
1485 1766 1512 1818 et
1531 1779 1587 1818 car·

458 1870 517 1906 rum
528 1857 614 1908 mater
626 1857 668 1907 est
681 1855 706 1918 3,
721 1859 753 1917 5;
771 1855 819 1909 hoc
830 1872 927 1909 numen
940 1859 987 1920 est,
1059 1857 1176 1910 minibus
1189 1855 1341 1924 occupasset
1353 1859 1398 1908 etc.
1419 1851 1444 1915 6,
1461 1849 1478 1906 6

460 1939 529 2007 quod
547 1940 576 1992 in
594 1941 651 1994 uiro
667 1941 794 1995 feminam
809 1942 926 2010 quaerit,
946 1941 989 1995 cui
1023 1942 1201 1995 uenerandum
1228 1939 1403 1995 Alexandriae
1429 1952 1525 1990 numen
1552 1957 1585 1982 =

459 2024 539 2078 aliter
562 2026 661 2079 seruire
685 2027 850 2081 sacerdotum
882 2044 988 2081 sucrum
1057 2028 1126 2097 qued
1143 2029 1184 2083 Al.
1200 2029 1360 2081 uenerantur
1378 2023 1449 2087 13‚1

456 2110 551 2164 chorus
571 2127 623 2165 non
644 2114 745 2180 potest,
765 2113 819 2165 nisi
835 2114 987 2168 effeminent
1022 2115 1094 2168 uesci
1108 2133 1169 2170 caea
1183 2114 1342 2169 accusatius
1360 2111 1403 2174 14,
1418 2111 1435 2163 2
1453 2107 1509 2175 (aed
1526 2121 1586 2160 eam

457 2196 582 2250 uultum?
604 2197 633 2262 4,
648 2198 678 2259 2;
706 2197 755 2251 hoc
778 2198 931 2253 desiderans
954 2203 985 2253 ut
1055 2202 1176 2256 abbatiae
1194 2201 1220 2265 6,
1232 2201 1259 2269 2)

457 2283 485 2334 et
505 2282 559 2336 sibi
577 2283 659 2336 liccat
676 2284 745 2351 quod
759 2283 812 2336 diis
833 2285 888 2338 suis
906 2285 984 2339 licuit
1020 2287 1159 2355 uestigans
1177 2287 1250 2341 canis
1268 2287 1293 2350 2,
1307 2287 1331 2339 2.
