4050 5559
1455 680 1497 730 XI

365 859 430 908 sus
467 832 666 907 necessaria
702 833 902 912 uidebatur.
951 836 1117 910 similiter
1165 832 1234 933 ipsi
1283 832 1494 933 scripsimus

368 980 397 1027 o.
423 957 483 1043 31,
508 958 546 1027 8:
585 955 650 1028 sic
672 978 747 1028 nos
769 956 918 1055 denique
946 979 1017 1029 non
1044 953 1207 1029 notaculo
1230 954 1417 1051 corporis..
1442 954 1495 1027 di·

368 1074 555 1165 noscimus,
578 1074 641 1148 sic
662 1074 781 1175 [nos]
800 1088 920 1150 rnutuo
940 1099 1058 1149 amore
1082 1073 1317 1172 dilipiraus..,
1339 1074 1401 1147 sie
1422 1095 1497 1147 nos

359 1196 498 1292 fratres
520 1218 699 1268 notamus.
722 1197 845 1268 eadem
869 1208 924 1270 est
947 1221 1054 1269 causa
1076 1195 1145 1268 loci
1168 1218 1197 1266 a.
1216 1194 1278 1284 40,
1299 1196 1320 1265 2
1341 1193 1495 1291 itaque..

370 1326 401 1388 et
423 1314 471 1386 de
494 1313 726 1411 prouidentia
744 1316 866 1411 fateor
890 1327 922 1387 et
942 1314 1037 1415 [de]
1061 1312 1140 1387 Deo
1162 1312 1244 1386 cedo
1268 1324 1300 1384 a
1321 1313 1363 1385 de
1384 1325 1496 1388 sectae

371 1433 443 1506 iarn
464 1446 605 1508 nostrae
626 1435 826 1508 sinceritate
848 1435 1037 1524 consentio,
1075 1459 1185 1533 quem
1215 1432 1405 1507 Vrsinus
1434 1433 1496 1505 ad·

370 1555 447 1627 dito
471 1555 514 1627 de
536 1555 696 1628 secundo
715 1555 795 1628 loco
818 1554 955 1654 optime
979 1554 1185 1628 ernendauit
1206 1555 1272 1628 hac
1295 1553 1493 1627 sententiar

372 1675 469 1771 quod
504 1673 622 1747 Deum
659 1674 840 1773 (unicum)
877 1675 1005 1749 attinet
1028 1677 1136 1765 cedo,
1173 1674 1194 1747 i.
1219 1700 1247 1747 e.
1274 1699 1393 1746 ueram
1417 1699 1495 1747 esse

370 1804 529 1867 uestram
545 1797 761 1868 sententiam
777 1821 817 1870 ac
832 1795 1045 1895 religionem
1062 1796 1255 1894 adgnosco.
1273 1819 1301 1867 c.
1320 1797 1380 1884 24,
1398 1797 1418 1866 2
1437 1818 1495 1867 co·

372 1915 444 1987 dex
461 1940 584 1988 mance
600 1915 652 1988 sic
667 1915 792 1989 habet:
808 1940 958 2014 quorum
969 1915 1059 1990 ritus
1073 1916 1106 1988 si
1115 1939 1330 2012 percenseas,
1345 1913 1497 1987 ridenda

372 2058 480 2132 quana
501 2034 613 2108 multa
636 2035 741 2109 etiarn
763 2036 968 2110 miseranda
996 2048 1086 2110 sunt.
1126 2035 1187 2108 hic
1220 2034 1331 2133 uulgo
1351 2059 1398 2108 ex
1417 2032 1493 2108 Ge-

370 2153 480 2227 lenii
503 2155 754 2229 emendatione
771 2156 920 2254 legiturt
943 2156 1095 2230 ridenda
1114 2180 1222 2254 quarn
1240 2154 1361 2244 multa,
1384 2153 1498 2228 multa

371 2275 476 2348 etiam
496 2275 703 2349 miseranda
724 2289 829 2364 sunt;
867 2275 973 2350 nobis
996 2287 1117 2349 tamen
1140 2275 1270 2348 fortius
1294 2275 1417 2348 uisum
1442 2283 1497 2347 est

372 2395 492 2493 ipsum
526 2394 616 2467 illud
639 2419 747 2493 quant
781 2394 892 2470 inulta
929 2421 1010 2468 cum
1035 2394 1294 2468 Heumanno
1324 2406 1496 2492 repetere.

372 2513 455 2613 Cap.
483 2519 586 2605 11,7
619 2515 833 2615 scripturam
868 2516 1002 2589 codicis
1040 2541 1112 2587 non
1150 2514 1328 2613 integram
1362 2512 1499 2588 ‘uellera

372 2647 490 2708 tornea
511 2635 704 2724 sciscitari,
729 2648 891 2710 utrumne
913 2661 994 2709 curn
1017 2635 1221 2732 corporibus
1244 2646 1276 2707 et
1297 2633 1500 2731 corporibus

371 2754 515 2852 quibus,
543 2754 673 2850 ipsisne
696 2781 743 2828 an
766 2755 946 2828 innouatis
968 2748 1186 2853 resurpatur’
1209 2752 1423 2827 Dauisius
1448 2751 1499 2827 sic

372 2874 556 2975 suppleuit
577 2890 617 2948 ut
639 2876 828 2950 scriberet:
865 2888 1029 2949 utrumne
1063 2876 1153 2948 sine
1184 2898 1326 2972 corpore
1350 2899 1397 2947 an
1420 2897 1500 2947 oum

373 2996 578 3093 corporibus
595 3007 663 3072 etc.
687 2996 792 3070 nobis
815 3008 935 3070 tamen
958 3006 1139 3095 praestare
1162 2995 1282 3068 uisum
1305 3006 1360 3067 est
1378 2993 1498 3067 locum

372 3116 423 3190 ita
439 3117 701 3216 redintegrare:
720 3130 882 3192 utrumne
899 3142 978 3191 auno
996 3116 1199 3214 corporibus
1223 3141 1275 3188 an
1297 3115 1393 3189 sine
1416 3138 1500 3187 cor-

367 3237 570 3334 poribus,
595 3249 627 3311 et
648 3237 852 3334 corporibus
874 3237 1018 3335 quibus,
1047 3235 1130 3335 quia
1152 3237 1204 3310 sic
1227 3235 1374 3307 lacunae
1397 3234 1500 3332 origo

376 3356 512 3431 facilius
534 3358 766 3457 intellegitur.
803 3384 870 3432 nec
901 3359 1043 3457 integer
1065 3368 1136 3445 est,
1162 3367 1202 3428 ut
1224 3355 1295 3428 iam
1319 3355 1378 3426 alii
1404 3354 1500 3426 uide·

373 3490 484 3570 runt,
519 3481 620 3553 locus
644 3480 707 3577 qui
729 3479 836 3578 paulo
871 3490 955 3578 post
991 3480 1031 3574 (ξ
1053 3479 1092 3574 8)
1127 3477 1259 3574 legitur
1294 3468 1386 3573 ‘quis
1408 3498 1502 3547 unia

371 3598 469 3673 ullus
493 3600 537 3673 ab
556 3599 682 3696 inferis
699 3598 760 3672 uel
778 3596 967 3672 Protesilai
983 3609 1074 3670 sorte
1091 3595 1276 3684 remonuit,
1302 3594 1502 3668 bonarum

372 3720 495 3792 saltem
511 3719 685 3817 permisso
709 3706 923 3809 commeatu',
948 3719 1032 3816 quia
1051 3717 1218 3790 borarurn
1237 3741 1301 3815 per
1324 3741 1362 3788 se
1381 3715 1500 3813 ipsum

372 3837 411 3910 id
435 3837 638 3937 significare
660 3865 733 3911 non
756 3848 897 3937 potest,
934 3838 1032 3936 quod
1055 3835 1234 3910 sententia
1255 3835 1408 3934 requirit
1429 3828 1501 3908 ‘loo-

372 3983 496 4032 rarura
520 3958 658 4057 aliquot
687 3956 902 4032 commeatu'.
929 3956 1052 4031 Verba
1079 3982 1169 4056 quae
1198 3957 1315 4030 codex
1338 3981 1367 4030 c.
1395 3959 1452 4047 18,
1478 3959 1500 4028 8

372 4077 483 4152 habet
504 4071 573 4152 ‘leia
608 4078 727 4180 (deus)
750 4102 822 4151 non
858 4077 976 4152 uideri
1003 4088 1135 4174 potest,
1172 4078 1256 4151 uisu
1288 4075 1420 4150 clarior
1443 4088 1502 4167 est,

373 4221 437 4272 neo
459 4198 653 4295 conprendi
670 4211 784 4296 potest
799 4209 867 4272 'nec
891 4197 1090 4285 aestimari,
1118 4198 1277 4271 sensibus
1299 4196 1415 4270 nraior
1443 4184 1502 4270 est'

372 4334 420 4390 ex
445 4317 618 4417 Cypriani
651 4317 744 4391 libro
785 4319 829 4391 de
863 4317 1047 4390 idolorum
1070 4317 1228 4392 uanitate
1251 4342 1281 4392 c.
1308 4322 1341 4409 5,
1368 4321 1402 4408 5,
1440 4315 1503 4415 qui

373 4436 522 4512 Minucii
557 4419 681 4513 locum
715 4439 760 4510 ad
798 4437 948 4512 uerbum
980 4436 1174 4537 exscripsit
1205 4437 1280 4533 (tto
1301 4461 1364 4511 neo
1386 4436 1504 4510 uideri

367 4570 499 4655 potest,
523 4560 841 4650 cunctatore,
868 4583 931 4634 nec
952 4557 1205 4656 comprehendi,
1248 4569 1341 4643 tactu
1371 4555 1502 4654 purior
