4050 5559
460 665 502 728 28
865 659 1006 712 Minucii
1024 659 1153 712 Felicis

460 817 588 882 difficile
602 835 674 898 prae
688 816 830 880 nimiast
844 815 1018 880 incredibili
1032 816 1199 896 potestate,
1226 815 1258 878 et
1273 833 1344 879 cum
1358 813 1525 890 inueneris,
1548 812 1581 876 in

411 938 450 991 15
460 920 621 1004 publicum
635 919 734 983 dicere
749 918 927 1001 inpossibile
942 919 1107 1000 praefatur.
1131 917 1238 982 eadem
1253 916 1316 982 fere
1331 916 1403 981 sunt
1417 916 1487 993 ista,
1504 934 1581 998 quae

461 1025 566 1087 nostra
578 1024 667 1087 sunt:
682 1041 755 1086 nam
771 1023 802 1086 et
812 1022 914 1086 Deum
924 1021 1069 1085 nouimus
1084 1022 1115 1085 et
1125 1023 1284 1102 parentem
1300 1019 1438 1083 omnium
1449 1018 1581 1083 dicimus

460 1130 492 1191 et
506 1144 676 1207 numquam
690 1124 813 1206 publice
826 1123 888 1188 nisi
902 1124 1084 1208 interrogati
1098 1123 1319 1206 praedicamus.

408 1242 450 1304 aa
503 1229 638 1312 Exposui
652 1227 806 1309 opiniones
821 1227 956 1291 omnium
974 1227 1070 1292 ferme
1084 1224 1350 1308 philosophomm,
1373 1225 1484 1307 quibus
1499 1223 1581 1288 inlu·
1604 1249 1617 1288 1

460 1333 553 1398 strior
567 1332 666 1415 gloria
681 1332 743 1408 est,
760 1332 862 1395 Deum
877 1350 975 1394 unum
989 1330 1099 1394 multis
1114 1330 1187 1393 lieet
1206 1329 1379 1413 designasse
1395 1327 1580 1404 nominibus,

460 1436 497 1499 ut
508 1435 609 1516 quiuis
621 1434 798 1511 arbitretur,
814 1436 869 1498 aut
879 1452 959 1497 nnnc
970 1431 1158 1497 Christianos
1167 1430 1362 1512 philosophos
1375 1448 1439 1495 esse
1450 1429 1581 1512 autphi·

430 1537 704 1621 alosophosfuisse
714 1537 778 1600 iam
790 1538 864 1601 tunc
876 1534 1073 1600 Christianos,
1101 1535 1181 1617 quod
1198 1535 1225 1598 11
1241 1534 1435 1616 prouidentia
1449 1533 1582 1598 mundus

459 1641 579 1724 regitur
589 1640 717 1705 etunius
723 1640 781 1703 Dei
791 1640 869 1703 nutu
877 1639 1204 1721 gubernatur,nonnos
1213 1637 1303 1702 dehet
1315 1636 1484 1718 antiquitas
1496 1637 1583 1716 inpe-

458 1744 590 1808 ritomm
604 1743 726 1808 fabellis
741 1742 805 1806 suis
820 1742 970 1806 delectata
985 1741 1036 1806 uel
1048 1742 1137 1822 capta
1157 1741 1196 1805 ad
1212 1759 1345 1805 errorem
1356 1740 1458 1805 mutui
1476 1758 1582 1821 rapere
1591 1763 1617 1803 ιο

459 1864 630 1924 consensus,
638 1865 710 1910 oum
720 1845 968 1926 philosophorum
981 1862 1106 1908 suorum
1118 1843 1278 1908 sententiis
1288 1843 1456 1923 refellatur,
1471 1845 1582 1926 quibus

429 1952 491 2021 3et
505 1948 632 2013 rationis
644 1948 675 2012 et
689 1946 856 2011 uetustatis
871 1947 996 2010 adsistit
1007 1946 1183 2011 auctoritas.
1196 1947 1364 2011 maioribus
1376 1947 1458 2011 enim
1469 1949 1582 2012 nostris

458 2053 524 2115 tam
536 2050 636 2115 facilis
648 2049 854 2114 inmendeciis
866 2049 941 2114 fides
951 2048 1022 2127 fuit,
1035 2051 1195 2115 uttemere
1204 2050 1388 2114 crediderint
1400 2051 1495 2115 etiam
1506 2051 1583 2116 talia

460 2155 651 2217 monstmosa
670 2153 837 2217 miracula:
853 2151 988 2235 Scyllam
1009 2151 1229 2234 multiplicem,
1257 2150 1451 2217 Chimaeram
1473 2153 1582 2217 multi·

459 2255 590 2320 formem
601 2257 632 2320 et
646 2256 788 2338 Hydram
799 2255 942 2320 felicibus
954 2254 1134 2319 uulneribus
1149 2257 1359 2320 renascentem
1374 2257 1404 2321 et
1416 2254 1581 2321 Centauros
1591 2285 1616 2324 n

459 2376 552 2439 equos
567 2359 630 2422 suis
652 2358 829 2423 hominihus
844 2359 996 2441 inplexos,
1022 2360 1053 2423 et
1073 2359 1218 2441 quicquid
1240 2357 1340 2423 famae
1362 2360 1435 2424 licet
1456 2361 1580 2443 fingere,

427 2461 523 2526 4illis
538 2463 604 2526 erat
618 2461 749 2526 libenter
763 2462 878 2526 audire.
895 2462 969 2544 quid
991 2461 1063 2525 illas
1084 2461 1180 2526 aniles
1195 2460 1328 2540 fabulas,
1351 2462 1388 2526 de
1405 2462 1581 2528 hominibus

458 2585 531 2631 aues
547 2566 578 2630 et
592 2565 690 2644 feras,
716 2565 890 2646 †homines
911 2567 943 2630 et
964 2564 1002 2629 de
1024 2564 1198 2629 hominibus
1219 2565 1341 2629 arbores
1361 2567 1452 2647 atque
1467 2566 1582 2631 flores?

458 2689 535 2751 qnae
550 2670 577 2733 si
592 2672 693 2735 essent
707 2670 798 2746 facta,
814 2668 936 2733 fierent:
953 2668 1026 2749 quia
1041 2668 1107 2732 fiori
1122 2686 1182 2732 non
1193 2670 1330 2750 possunt,
1346 2669 1414 2733 ideo
1427 2688 1483 2734 nec
1499 2669 1583 2735 facta

428 2775 538 2845 esunt.
552 2773 726 2852 similiter†
737 2790 773 2836 ac
784 2789 856 2836 uero
870 2791 942 2856 erga
955 2772 1026 2836 deos
1038 2791 1157 2854 quoque
1167 2773 1297 2837 maiores
1309 2773 1407 2835 nostri
1417 2773 1581 2853 inprouidi,
1591 2791 1617 2832 ro

458 2875 575 2938 creduli
590 2875 661 2938 rudi
669 2873 870 2956 simplicitate
885 2875 1094 2940 crediderunt:
1111 2876 1186 2940 dum
1200 2894 1286 2960 reges
1302 2893 1372 2939 suos
1388 2877 1494 2940 colunt
1508 2877 1581 2941 reli·

512 3146 527 3201 1
547 3146 679 3200 inueneris
692 3164 720 3200 r:
740 3145 870 3200 inueniris
882 3148 917 3214 P,
930 3164 998 3201 corr.
1012 3165 1046 3201 m.
1059 3152 1079 3201 2
1091 3149 1122 3201 r'n
1134 3147 1267 3200 inuenires
1321 3148 1581 3215 2111111111-

456 3233 515 3286 oius
538 3234 550 3301 ΙΙ
572 3232 627 3285 1111
639 3234 702 3286 sunt
713 3215 761 3303 (si)
773 3234 827 3286 ista
838 3233 951 3301 scripsi:
978 3233 1032 3286 fere
1049 3236 1077 3286 et
1093 3234 1147 3287 ista
1160 3235 1209 3298 Pr,
1228 3234 1282 3286 fere
1300 3234 1355 3287 ista
1373 3250 1440 3302 quae
1453 3238 1480 3288 et
1491 3237 1582 3289 nostra

458 3321 521 3371 sunt
543 3319 660 3372 Vrsinus
735 3320 877 3388 bopiones
894 3335 917 3372 o.
935 3319 953 3372 f.
972 3319 1160 3387 filosophorum
1184 3324 1210 3372 P
1285 3319 1302 3375 6
1321 3320 1399 3373 deum
1415 3351 1448 3358 -
1468 3321 1582 3374 nomini-

457 3403 507 3456 bus
528 3404 674 3458 delendum
692 3406 814 3458 cernebat
834 3405 987 3458 Heumann
1051 3405 1068 3459 ’1
1088 3404 1228 3473 filosophos
1249 3406 1316 3472 (bis)
1338 3407 1373 3473 P,
1391 3408 1456 3460 item
1475 3424 1502 3460 u.
1516 3411 1548 3459 11

459 3489 498 3546 10
514 3489 647 3544 delectata
662 3491 706 3543 uel
723 3491 795 3543 obelo
815 3491 926 3544 notauit
945 3489 1095 3557 Daumius,
1116 3489 1208 3544 deleat.
1229 3493 1256 3543 et
1267 3491 1375 3559 Heum,
1390 3493 1484 3560 potnit
1501 3493 1583 3547 etiam

457 3576 502 3627 1111
523 3578 601 3643 capta
623 3592 656 3628 en
676 3576 833 3644 plossemate
854 3576 923 3629 addi
943 3575 1087 3642 (delectata
1104 3576 1179 3628 uelut
1195 3578 1286 3644 captos
1302 3577 1394 3631 Vonelr
1405 3579 1439 3630 L.
1453 3579 1485 3631 L.
1500 3579 1548 3645 56)

459 3659 497 3716 13
514 3660 583 3713 talia
599 3661 691 3713 Vonclr
703 3661 791 3728 (Sper.
805 3663 886 3736 1411·Ι
902 3661 956 3713 elia
969 3662 1012 3714 Pr
1078 3661 1115 3716 14
1132 3664 1298 3715 monstruosa
1315 3663 1444 3716 miracula
1461 3680 1491 3716 r.-
1509 3680 1583 3717 mon-

458 3747 564 3798 struosa
573 3745 642 3798 mira
651 3746 826 3813 miraculaP,-
838 3748 873 3813 os.
887 3747 974 3800 simile
985 3747 1086 3800 uitium
1096 3749 1141 3814 36,
1155 3749 1172 3799 5
1187 3749 1199 3814 11
1216 3747 1360 3801 chimeram
1366 3748 1408 3802 Pr
1453 3748 1490 3819 16
1503 3765 1582 3818 equos

458 3830 535 3899 [suis]
564 3830 716 3885 hominibus
743 3832 891 3897 Wourerus,
936 3832 1007 3885 idem
1040 3847 1119 3900 equos
1145 3832 1363 3887 semihominibus
1392 3836 1529 3890 coniciens
1560 3838 1572 3903 11

456 3916 573 3970 licetP:
600 3917 668 3970 libat
688 3918 839 3972 Heumann
915 3919 951 3974 17
970 3917 1117 3971 libentibus
1130 3918 1281 3973 Heumann
1310 3922 1321 3987 ΙΙ
1350 3921 1413 3974 11111
1435 3937 1458 3974 a.
1476 3921 1583 3974 tabulae

456 4003 555 4055 Heum.
569 4003 627 4056 coll.
636 4020 666 4070 p.
680 4006 727 4070 32,
740 4006 757 4056 5
824 4003 861 4059 18
879 4004 999 4057 homines
1011 4005 1066 4067 Pr,
1086 4019 1175 4056 omnes
1189 4003 1322 4073 Scheffer,
1342 4006 1461 4060 homines
1482 4007 1583 4062 deleuit

456 4087 599 4153 Lindner,
614 4088 646 4141 de
659 4088 723 4140 feris
736 4088 857 4142 homines
869 4089 1012 4154 Danielus,
1032 4089 1165 4142 nominem
1175 4090 1267 4144 Vonclr
1278 4091 1311 4144 L.
1325 4091 1358 4145 L.
1369 4109 1397 4159 p.
1412 4095 1464 4158 56;
1484 4099 1582 4146 eontra

455 4173 621 4242 Anonymus
637 4175 668 4227 in
685 4175 764 4228 Misc.
788 4174 910 4230 Observa.
932 4175 1050 4235 Inerda
1063 4174 1182 4228 homines
1195 4178 1222 4228 et
1234 4175 1266 4229 de
1278 4176 1431 4230 hominibus
1445 4178 1518 4231 obelo
1530 4194 1581 4232 no·

455 4259 545 4325 tanim
565 4259 641 4312 nodis
653 4261 685 4313 in
696 4266 811 4314 mentem
822 4262 916 4314 uenit:
935 4260 967 4313 de
979 4260 1132 4313 hominibus
1145 4277 1207 4314 aues
1220 4264 1247 4314 et
1258 4261 1342 4326 feras,
1357 4263 1437 4316 immo
1451 4266 1478 4316 et
1490 4264 1521 4318 de
1535 4263 1582 4318 ho·

455 4343 574 4397 minibus
583 4345 689 4398 arbores
699 4347 779 4413 atque
788 4345 884 4400 flores?
933 4346 969 4402 19
989 4346 1053 4415 qnia
1065 4346 1104 4399 P:
1124 4362 1219 4413 quaer
1242 4349 1253 4415 ΙΙ
1276 4364 1328 4401 non
1349 4349 1376 4401 P
1387 4365 1407 4402 s.
1421 4349 1437 4402 1.
1450 4349 1498 4402 ced
1510 4367 1528 4402 a
1535 4367 1580 4417 pr.

453 4446 541 4483 aranu
593 4429 633 4485 20
650 4430 776 4483 similiter
788 4447 818 4483 ac
830 4447 892 4484 uero
904 4432 946 4485 Pr
958 4437 1101 4499 corrupte;
1121 4432 1249 4486 similiter
1265 4448 1328 4486 uero
1344 4434 1474 4498 Vrsinus,
1496 4435 1581 4488 simili

454 4531 543 4568 errore
555 4515 719 4580 Heumann,
747 4516 874 4569 similiter
896 4517 960 4570 adeo
985 4518 1091 4571 Vahlen
1111 4519 1123 4585 ΙΙ
1143 4517 1289 4586 improuide
1308 4517 1408 4571 creduli
1429 4519 1581 4574 Heumann

426 4669 428 4675 y
454 4601 514 4668 coll.
528 4606 605 4669 114,
619 4605 636 4655 6
653 4601 759 4656 incaute
773 4601 873 4655 creduli
926 4603 963 4658 21
977 4603 1092 4657 credulis
1104 4604 1131 4657 P
1143 4610 1207 4657 ante
1219 4619 1349 4658 rasuram
