<?xml version="1.0" encoding="UTF-8"?>
<!DOCTYPE html PUBLIC "-//W3C//DTD XHTML 1.0 Transitional//EN"
    "http://www.w3.org/TR/xhtml1/DTD/xhtml1-transitional.dtd">
<html xmlns="http://www.w3.org/1999/xhtml" xml:lang="en" lang="en">
 <head>
  <title>
</title>
<meta http-equiv="Content-Type" content="text/html;charset=utf-8" />
  <meta name='ocr-system' content='tesseract 3.04.00' />
  <meta name='ocr-capabilities' content='ocr_page ocr_carea ocr_par ocr_line ocrx_word'/>
</head>
<body>
  <div class='ocr_page' id='page_1' title='image "./mminuciifelicis00halmgoog/mminuciifelicis00halmgoog_0075.png"; bbox 0 0 4050 5559; ppageno 0'>
   <div class='ocr_carea' id='block_1_1' title="bbox 848 525 1572 596">
    <p class='ocr_par' dir='ltr' id='par_1_1' title="bbox 848 525 1572 596">
     <span class='ocr_line' id='line_1_1' title="bbox 848 525 1572 596; baseline 0.022 -16"><span class='ocrx_word' id='word_1_1' title='bbox 848 525 1008 580; x_wconf 88' lang='lat' dir='ltr'><strong>Octauius</strong></span> <span class='ocrx_word' id='word_1_2' title='bbox 1028 541 1048 579; x_wconf 88' lang='lat' dir='ltr'><strong>e.</strong></span> <span class='ocrx_word' id='word_1_3' title='bbox 1068 526 1187 585; x_wconf 79' lang='lat' dir='ltr'><strong>25--2e</strong></span> <span class='ocrx_word' id='word_1_4' title='bbox 1531 533 1572 596; x_wconf 76' lang='grc'><strong>37</strong></span> 
     </span>
    </p>
   </div>
   <div class='ocr_carea' id='block_1_2' title="bbox 410 680 1626 1896">
    <p class='ocr_par' dir='ltr' id='par_1_2' title="bbox 447 680 1625 1074">
     <span class='ocr_line' id='line_1_2' title="bbox 447 680 1573 767; baseline 0.001 -19"><span class='ocrx_word' id='word_1_5' title='bbox 447 682 584 748; x_wconf 88' lang='lat' dir='ltr'><strong>sanctior</strong></span> <span class='ocrx_word' id='word_1_6' title='bbox 599 680 807 758; x_wconf 75' lang='lat' dir='ltr'>sacerdotum,</span> <span class='ocrx_word' id='word_1_7' title='bbox 823 698 894 745; x_wconf 89' lang='lat' dir='ltr'><strong>enm</strong></span> <span class='ocrx_word' id='word_1_8' title='bbox 908 699 1002 762; x_wconf 91' lang='lat' dir='ltr'><strong>paene</strong></span> <span class='ocrx_word' id='word_1_9' title='bbox 1018 681 1052 744; x_wconf 94' lang='lat' dir='ltr'><strong>in</strong></span> <span class='ocrx_word' id='word_1_10' title='bbox 1064 681 1207 764; x_wconf 90' lang='lat' dir='ltr'><strong>pluribus</strong></span> <span class='ocrx_word' id='word_1_11' title='bbox 1222 682 1411 766; x_wconf 91' lang='lat' dir='ltr'><strong>uirginibus,</strong></span> <span class='ocrx_word' id='word_1_12' title='bbox 1434 686 1481 749; x_wconf 91' lang='lat' dir='ltr'><strong>set</strong></span> <span class='ocrx_word' id='word_1_13' title='bbox 1496 703 1573 767; x_wconf 90' lang='lat' dir='ltr'><strong>quae</strong></span> 
     </span>
     <span class='ocr_line' id='line_1_3' title="bbox 448 783 1574 864; baseline 0.001 -14"><span class='ocrx_word' id='word_1_14' title='bbox 448 784 654 850; x_wconf 82' lang='lat' dir='ltr'><strong>inconsultius</strong></span> <span class='ocrx_word' id='word_1_15' title='bbox 669 802 702 848; x_wconf 89' lang='lat' dir='ltr'><strong>se</strong></span> <span class='ocrx_word' id='word_1_16' title='bbox 716 783 792 847; x_wconf 92' lang='lat' dir='ltr'><strong>uiris</strong></span> <span class='ocrx_word' id='word_1_17' title='bbox 808 783 1021 862; x_wconf 73' lang='lat' dir='ltr'><strong>miscuissent,</strong></span> <span class='ocrx_word' id='word_1_18' title='bbox 1037 783 1133 849; x_wconf 88' lang='lat' dir='ltr'><strong>Vesta</strong></span> <span class='ocrx_word' id='word_1_19' title='bbox 1148 802 1219 849; x_wconf 92' lang='lat' dir='ltr'><strong>sane</strong></span> <span class='ocrx_word' id='word_1_20' title='bbox 1232 786 1403 864; x_wconf 78' lang='lat' dir='ltr'><strong>nesciente,</strong></span> <span class='ocrx_word' id='word_1_21' title='bbox 1434 786 1476 850; x_wconf 89' lang='lat' dir='ltr'><strong>sit</strong></span> <span class='ocrx_word' id='word_1_22' title='bbox 1490 786 1574 851; x_wconf 89' lang='lat' dir='ltr'><strong>ince-</strong></span> 
     </span>
     <span class='ocr_line' id='line_1_4' title="bbox 449 886 1574 968; baseline 0.001 -16"><span class='ocrx_word' id='word_1_23' title='bbox 449 890 535 953; x_wconf 92' lang='lat' dir='ltr'><strong>stum</strong></span> <span class='ocrx_word' id='word_1_24' title='bbox 550 887 757 965; x_wconf 89' lang='lat' dir='ltr'><strong>uindicatum,</strong></span> <span class='ocrx_word' id='word_1_25' title='bbox 770 886 803 950; x_wconf 93' lang='lat' dir='ltr'><strong>in</strong></span> <span class='ocrx_word' id='word_1_26' title='bbox 817 886 948 951; x_wconf 85' lang='lat' dir='ltr'><strong>residuis</strong></span> <span class='ocrx_word' id='word_1_27' title='bbox 962 886 1169 968; x_wconf 83' lang='lat' dir='ltr'><strong>inpunitatem</strong></span> <span class='ocrx_word' id='word_1_28' title='bbox 1185 886 1292 953; x_wconf 84' lang='lat' dir='ltr'><strong>feeerit</strong></span> <span class='ocrx_word' id='word_1_29' title='bbox 1306 906 1366 953; x_wconf 94' lang='lat' dir='ltr'><strong>non</strong></span> <span class='ocrx_word' id='word_1_30' title='bbox 1380 889 1507 953; x_wconf 87' lang='lat' dir='ltr'><strong>castitas</strong></span> <span class='ocrx_word' id='word_1_31' title='bbox 1522 889 1537 952; x_wconf 89' lang='lat' dir='ltr'><strong>t</strong></span> <span class='ocrx_word' id='word_1_32' title='bbox 1559 924 1574 937; x_wconf 95' lang='lat'><em>-</em></span> 
     </span>
     <span class='ocr_line' id='line_1_5' title="bbox 449 981 1625 1074; baseline 0.003 -20"><span class='ocrx_word' id='word_1_33' title='bbox 449 991 527 1068; x_wconf 89' lang='lat' dir='ltr'><strong>tior,</strong></span> <span class='ocrx_word' id='word_1_34' title='bbox 558 990 611 1055; x_wconf 91' lang='lat' dir='ltr'><strong>sed</strong></span> <span class='ocrx_word' id='word_1_35' title='bbox 633 981 817 1072; x_wconf 82' lang='lat' dir='ltr'><strong>inpudicitia</strong></span> <span class='ocrx_word' id='word_1_36' title='bbox 839 989 965 1054; x_wconf 85' lang='lat' dir='ltr'><strong>felicior.</strong></span> <span class='ocrx_word' id='word_1_37' title='bbox 998 989 1053 1055; x_wconf 93' lang='lat' dir='ltr'><strong>ubi</strong></span> <span class='ocrx_word' id='word_1_38' title='bbox 1076 990 1180 1054; x_wconf 91' lang='lat' dir='ltr'><strong>autem</strong></span> <span class='ocrx_word' id='word_1_39' title='bbox 1203 990 1304 1074; x_wconf 88' lang='lat' dir='ltr'><strong>magis</strong></span> <span class='ocrx_word' id='word_1_40' title='bbox 1331 990 1625 1057; x_wconf 85' lang='lat' dir='ltr'><strong>asaeerdotibusll</strong></span> 
     </span>
    </p>

    <p class='ocr_par' dir='ltr' id='par_1_3' title="bbox 423 1092 1626 1588">
     <span class='ocr_line' id='line_1_6' title="bbox 423 1092 1572 1176; baseline -0.003 -14"><span class='ocrx_word' id='word_1_41' title='bbox 423 1113 544 1176; x_wconf 74' lang='lat' dir='ltr'><strong>squam</strong></span> <span class='ocrx_word' id='word_1_42' title='bbox 560 1093 641 1158; x_wconf 92' lang='lat' dir='ltr'><strong>inter</strong></span> <span class='ocrx_word' id='word_1_43' title='bbox 655 1110 723 1172; x_wconf 90' lang='lat' dir='ltr'><strong>aras</strong></span> <span class='ocrx_word' id='word_1_44' title='bbox 739 1094 770 1157; x_wconf 96' lang='lat' dir='ltr'><strong>et</strong></span> <span class='ocrx_word' id='word_1_45' title='bbox 786 1092 913 1157; x_wconf 90' lang='lat' dir='ltr'><strong>delubra</strong></span> <span class='ocrx_word' id='word_1_46' title='bbox 928 1093 1141 1157; x_wconf 90' lang='lat' dir='ltr'><strong>conducuntur</strong></span> <span class='ocrx_word' id='word_1_47' title='bbox 1160 1092 1280 1175; x_wconf 86' lang='lat' dir='ltr'><strong>stupra,</strong></span> <span class='ocrx_word' id='word_1_48' title='bbox 1302 1094 1474 1159; x_wconf 71' lang='lat' dir='ltr'><strong>suuntur</strong></span> <span class='ocrx_word' id='word_1_49' title='bbox 1488 1096 1572 1159; x_wconf 89' lang='lat' dir='ltr'><strong>leno·</strong></span> 
     </span>
     <span class='ocr_line' id='line_1_7' title="bbox 450 1195 1574 1279; baseline 0.003 -18"><span class='ocrx_word' id='word_1_50' title='bbox 450 1197 548 1274; x_wconf 87' lang='lat' dir='ltr'><strong>cinia,</strong></span> <span class='ocrx_word' id='word_1_51' title='bbox 564 1196 716 1261; x_wconf 87' lang='lat' dir='ltr'><strong>adulteria</strong></span> <span class='ocrx_word' id='word_1_52' title='bbox 730 1195 943 1261; x_wconf 83' lang='lat' dir='ltr'><strong>meditantur?</strong></span> <span class='ocrx_word' id='word_1_53' title='bbox 965 1195 1154 1277; x_wconf 86' lang='lat' dir='ltr'><strong>frequentius</strong></span> <span class='ocrx_word' id='word_1_54' title='bbox 1175 1195 1305 1279; x_wconf 91' lang='lat' dir='ltr'><strong>denique</strong></span> <span class='ocrx_word' id='word_1_55' title='bbox 1329 1196 1362 1261; x_wconf 92' lang='lat' dir='ltr'><strong>in</strong></span> <span class='ocrx_word' id='word_1_56' title='bbox 1381 1198 1574 1264; x_wconf 84' lang='lat' dir='ltr'><strong>aedituorum</strong></span> 
     </span>
     <span class='ocr_line' id='line_1_8' title="bbox 450 1297 1626 1384; baseline 0.003 -20"><span class='ocrx_word' id='word_1_57' title='bbox 450 1299 572 1365; x_wconf 85' lang='lat' dir='ltr'><strong>cellulis</strong></span> <span class='ocrx_word' id='word_1_58' title='bbox 587 1319 680 1381; x_wconf 86' lang='lat' dir='ltr'><strong>quam</strong></span> <span class='ocrx_word' id='word_1_59' title='bbox 696 1298 728 1362; x_wconf 94' lang='lat' dir='ltr'><strong>in</strong></span> <span class='ocrx_word' id='word_1_60' title='bbox 743 1298 817 1380; x_wconf 91' lang='lat' dir='ltr'><strong>ipsis</strong></span> <span class='ocrx_word' id='word_1_61' title='bbox 838 1298 1038 1379; x_wconf 89' lang='lat' dir='ltr'><strong>lupanaribus</strong></span> <span class='ocrx_word' id='word_1_62' title='bbox 1052 1297 1185 1382; x_wconf 87' lang='lat' dir='ltr'><strong>flagrans</strong></span> <span class='ocrx_word' id='word_1_63' title='bbox 1206 1298 1302 1362; x_wconf 93' lang='lat' dir='ltr'><strong>libido</strong></span> <span class='ocrx_word' id='word_1_64' title='bbox 1324 1298 1512 1384; x_wconf 84' lang='lat' dir='ltr'><strong>defungitur.</strong></span> <span class='ocrx_word' id='word_1_65' title='bbox 1544 1302 1576 1366; x_wconf 92' lang='lat' dir='ltr'><strong>et</strong></span> <span class='ocrx_word' id='word_1_66' title='bbox 1587 1313 1626 1368; x_wconf 75' lang='lat'><strong>12</strong></span> 
     </span>
     <span class='ocr_line' id='line_1_9' title="bbox 448 1400 1574 1486; baseline 0.001 -20"><span class='ocrx_word' id='word_1_67' title='bbox 448 1403 552 1466; x_wconf 87' lang='lat' dir='ltr'><strong>tamen</strong></span> <span class='ocrx_word' id='word_1_68' title='bbox 579 1404 650 1467; x_wconf 93' lang='lat' dir='ltr'><strong>ante</strong></span> <span class='ocrx_word' id='word_1_69' title='bbox 679 1420 729 1466; x_wconf 92' lang='lat' dir='ltr'><strong>eos</strong></span> <span class='ocrx_word' id='word_1_70' title='bbox 753 1401 818 1465; x_wconf 90' lang='lat' dir='ltr'><strong>Deo</strong></span> <span class='ocrx_word' id='word_1_71' title='bbox 834 1400 1026 1484; x_wconf 87' lang='lat' dir='ltr'><strong>dispensante</strong></span> <span class='ocrx_word' id='word_1_72' title='bbox 1053 1401 1108 1466; x_wconf 89' lang='lat' dir='ltr'><strong>diu</strong></span> <span class='ocrx_word' id='word_1_73' title='bbox 1136 1420 1229 1485; x_wconf 90' lang='lat' dir='ltr'><strong>regna</strong></span> <span class='ocrx_word' id='word_1_74' title='bbox 1258 1403 1423 1467; x_wconf 76' lang='lat' dir='ltr'><strong>tenuerimt</strong></span> <span class='ocrx_word' id='word_1_75' title='bbox 1442 1402 1574 1486; x_wconf 82' lang='lat' dir='ltr'><strong>Assyrii,</strong></span> 
     </span>
     <span class='ocr_line' id='line_1_10' title="bbox 448 1503 1575 1588; baseline 0.003 -19"><span class='ocrx_word' id='word_1_76' title='bbox 448 1505 551 1583; x_wconf 86' lang='lat' dir='ltr'><strong>Medi,</strong></span> <span class='ocrx_word' id='word_1_77' title='bbox 581 1505 707 1583; x_wconf 87' lang='lat' dir='ltr'><strong>Persae,</strong></span> <span class='ocrx_word' id='word_1_78' title='bbox 735 1503 844 1569; x_wconf 80' lang='lat' dir='ltr'><strong>Graeci</strong></span> <span class='ocrx_word' id='word_1_79' title='bbox 873 1504 967 1569; x_wconf 92' lang='lat' dir='ltr'><strong>etiam</strong></span> <span class='ocrx_word' id='word_1_80' title='bbox 997 1506 1029 1568; x_wconf 89' lang='lat' dir='ltr'><strong>et</strong></span> <span class='ocrx_word' id='word_1_81' title='bbox 1057 1503 1221 1588; x_wconf 82' lang='lat' dir='ltr'><strong>Aegyptii,</strong></span> <span class='ocrx_word' id='word_1_82' title='bbox 1259 1523 1330 1569; x_wconf 91' lang='lat' dir='ltr'><strong>cum</strong></span> <span class='ocrx_word' id='word_1_83' title='bbox 1352 1505 1517 1571; x_wconf 90' lang='lat' dir='ltr'><strong>Pontifices</strong></span> <span class='ocrx_word' id='word_1_84' title='bbox 1543 1507 1575 1572; x_wconf 93' lang='lat' dir='ltr'><strong>et</strong></span> 
     </span>
    </p>

    <p class='ocr_par' dir='ltr' id='par_1_4' title="bbox 410 1597 1594 1896">
     <span class='ocr_line' id='line_1_11' title="bbox 410 1597 1575 1690; baseline 0 -19"><span class='ocrx_word' id='word_1_85' title='bbox 410 1625 439 1664; x_wconf 85' lang='grc' dir='ltr'><strong>ιο</strong></span> <span class='ocrx_word' id='word_1_86' title='bbox 449 1606 580 1673; x_wconf 90' lang='lat' dir='ltr'><strong>Aruales</strong></span> <span class='ocrx_word' id='word_1_87' title='bbox 595 1610 627 1672; x_wconf 90' lang='lat' dir='ltr'><strong>et</strong></span> <span class='ocrx_word' id='word_1_88' title='bbox 642 1606 739 1671; x_wconf 88' lang='lat' dir='ltr'><strong>Salios</strong></span> <span class='ocrx_word' id='word_1_89' title='bbox 759 1607 790 1670; x_wconf 91' lang='lat' dir='ltr'><strong>et</strong></span> <span class='ocrx_word' id='word_1_90' title='bbox 805 1606 944 1672; x_wconf 84' lang='lat' dir='ltr'><strong>Vestales</strong></span> <span class='ocrx_word' id='word_1_91' title='bbox 967 1608 998 1672; x_wconf 93' lang='lat' dir='ltr'><strong>et</strong></span> <span class='ocrx_word' id='word_1_92' title='bbox 1013 1606 1156 1690; x_wconf 82' lang='lat' dir='ltr'><strong>Augures</strong></span> <span class='ocrx_word' id='word_1_93' title='bbox 1170 1626 1230 1672; x_wconf 93' lang='lat' dir='ltr'><strong>non</strong></span> <span class='ocrx_word' id='word_1_94' title='bbox 1244 1597 1391 1672; x_wconf 81' lang='lat' dir='ltr'><strong>haberent</strong></span> <span class='ocrx_word' id='word_1_95' title='bbox 1405 1627 1460 1672; x_wconf 92' lang='lat' dir='ltr'><strong>nec</strong></span> <span class='ocrx_word' id='word_1_96' title='bbox 1474 1607 1575 1688; x_wconf 93' lang='lat' dir='ltr'><strong>pullos</strong></span> 
     </span>
     <span class='ocr_line' id='line_1_12' title="bbox 448 1708 1594 1791; baseline 0.002 -17"><span class='ocrx_word' id='word_1_97' title='bbox 448 1728 542 1775; x_wconf 91' lang='lat' dir='ltr'><strong>cauea</strong></span> <span class='ocrx_word' id='word_1_98' title='bbox 570 1710 719 1788; x_wconf 89' lang='lat' dir='ltr'><strong>reclusos,</strong></span> <span class='ocrx_word' id='word_1_99' title='bbox 756 1727 887 1791; x_wconf 90' lang='lat' dir='ltr'><strong>quorum</strong></span> <span class='ocrx_word' id='word_1_100' title='bbox 913 1709 980 1774; x_wconf 88' lang='lat' dir='ltr'><strong>cibo</strong></span> <span class='ocrx_word' id='word_1_101' title='bbox 1006 1710 1057 1772; x_wconf 91' lang='lat' dir='ltr'><strong>uel</strong></span> <span class='ocrx_word' id='word_1_102' title='bbox 1083 1708 1207 1773; x_wconf 88' lang='lat' dir='ltr'><strong>fastidio</strong></span> <span class='ocrx_word' id='word_1_103' title='bbox 1233 1727 1281 1772; x_wconf 89' lang='lat' dir='ltr'><strong>res</strong></span> <span class='ocrx_word' id='word_1_104' title='bbox 1306 1709 1429 1790; x_wconf 89' lang='lat' dir='ltr'><strong>publica</strong></span> <span class='ocrx_word' id='word_1_105' title='bbox 1454 1729 1594 1776; x_wconf 54' lang='lat' dir='ltr'><strong>summa¹</strong></span> 
     </span>
     <span class='ocr_line' id='line_1_13' title="bbox 447 1813 613 1896; baseline 0 -20"><span class='ocrx_word' id='word_1_106' title='bbox 447 1813 613 1896; x_wconf 88' lang='lat' dir='ltr'><strong>regeretur.</strong></span> 
     </span>
    </p>
   </div>
   <div class='ocr_carea' id='block_1_3' title="bbox 485 1913 1723 1997">
    <p class='ocr_par' dir='ltr' id='par_1_5' title="bbox 485 1913 1723 1997">
     <span class='ocr_line' id='line_1_14' title="bbox 485 1913 1723 1997; baseline 0.005 -20"><span class='ocrx_word' id='word_1_107' title='bbox 485 1915 554 1979; x_wconf 92' lang='lat' dir='ltr'><strong>lam</strong></span> <span class='ocrx_word' id='word_1_108' title='bbox 565 1914 648 1978; x_wconf 89' lang='lat' dir='ltr'><strong>enim</strong></span> <span class='ocrx_word' id='word_1_109' title='bbox 659 1913 748 1978; x_wconf 93' lang='lat' dir='ltr'><strong>uenio</strong></span> <span class='ocrx_word' id='word_1_110' title='bbox 755 1913 794 1977; x_wconf 89' lang='lat' dir='ltr'><strong>ad</strong></span> <span class='ocrx_word' id='word_1_111' title='bbox 805 1913 861 1977; x_wconf 88' lang='lat' dir='ltr'><strong>illa</strong></span> <span class='ocrx_word' id='word_1_112' title='bbox 872 1913 1009 1996; x_wconf 88' lang='lat' dir='ltr'><strong>auspicia</strong></span> <span class='ocrx_word' id='word_1_113' title='bbox 1022 1915 1053 1978; x_wconf 90' lang='lat' dir='ltr'><strong>et</strong></span> <span class='ocrx_word' id='word_1_114' title='bbox 1065 1913 1194 1997; x_wconf 86' lang='lat' dir='ltr'><strong>auguria</strong></span> <span class='ocrx_word' id='word_1_115' title='bbox 1204 1913 1351 1993; x_wconf 83' lang='lat' dir='ltr'><strong>Romana,</strong></span> <span class='ocrx_word' id='word_1_116' title='bbox 1364 1933 1441 1997; x_wconf 89' lang='lat' dir='ltr'><strong>quae</strong></span> <span class='ocrx_word' id='word_1_117' title='bbox 1453 1933 1572 1981; x_wconf 90' lang='lat' dir='ltr'><strong>summo</strong></span> <span class='ocrx_word' id='word_1_118' title='bbox 1583 1931 1624 1994; x_wconf 69' lang='lat' dir='ltr'><strong>ze</strong></span> <span class='ocrx_word' id='word_1_119' title='bbox 1721 1980 1723 1983; x_wconf 84' lang='lat'>.</span> 
     </span>
    </p>
   </div>
   <div class='ocr_carea' id='block_1_4' title="bbox 409 2015 1601 3125">
    <p class='ocr_par' dir='ltr' id='par_1_6' title="bbox 409 2015 1601 3125">
     <span class='ocr_line' id='line_1_15' title="bbox 447 2015 1574 2097; baseline 0.002 -17"><span class='ocrx_word' id='word_1_120' title='bbox 447 2017 551 2081; x_wconf 84' lang='lat' dir='ltr'><strong>labore</strong></span> <span class='ocrx_word' id='word_1_121' title='bbox 577 2015 705 2081; x_wconf 87' lang='lat' dir='ltr'><strong>collecta</strong></span> <span class='ocrx_word' id='word_1_122' title='bbox 730 2016 864 2080; x_wconf 88' lang='lat' dir='ltr'><strong>testatus</strong></span> <span class='ocrx_word' id='word_1_123' title='bbox 891 2033 923 2081; x_wconf 92' lang='lat' dir='ltr'><strong>es</strong></span> <span class='ocrx_word' id='word_1_124' title='bbox 949 2016 980 2079; x_wconf 90' lang='lat' dir='ltr'><strong>et</strong></span> <span class='ocrx_word' id='word_1_125' title='bbox 1007 2016 1199 2097; x_wconf 91' lang='lat' dir='ltr'><strong>paenitenter</strong></span> <span class='ocrx_word' id='word_1_126' title='bbox 1229 2015 1344 2081; x_wconf 87' lang='lat' dir='ltr'><strong>omissa</strong></span> <span class='ocrx_word' id='word_1_127' title='bbox 1365 2017 1397 2082; x_wconf 88' lang='lat' dir='ltr'><strong>et</strong></span> <span class='ocrx_word' id='word_1_128' title='bbox 1413 2016 1574 2082; x_wconf 88' lang='lat' dir='ltr'><strong>obseruata</strong></span> 
     </span>
     <span class='ocr_line' id='line_1_16' title="bbox 410 2116 1601 2193; baseline 0.003 -15"><span class='ocrx_word' id='word_1_129' title='bbox 410 2139 438 2178; x_wconf 73' lang='lat'><strong>1⁵</strong></span> <span class='ocrx_word' id='word_1_130' title='bbox 447 2119 591 2184; x_wconf 83' lang='lat' dir='ltr'><strong>feliciter.</strong></span> <span class='ocrx_word' id='word_1_131' title='bbox 616 2116 741 2182; x_wconf 82' lang='lat' dir='ltr'><strong>Clodius</strong></span> <span class='ocrx_word' id='word_1_132' title='bbox 764 2117 882 2183; x_wconf 89' lang='lat' dir='ltr'><strong>scilieet</strong></span> <span class='ocrx_word' id='word_1_133' title='bbox 904 2120 936 2183; x_wconf 90' lang='lat' dir='ltr'><strong>et</strong></span> <span class='ocrx_word' id='word_1_134' title='bbox 949 2117 1122 2182; x_wconf 85' lang='lat' dir='ltr'><strong>Flaminius</strong></span> <span class='ocrx_word' id='word_1_135' title='bbox 1144 2119 1175 2182; x_wconf 94' lang='lat' dir='ltr'><strong>et</strong></span> <span class='ocrx_word' id='word_1_136' title='bbox 1197 2118 1304 2184; x_wconf 92' lang='lat' dir='ltr'><strong>Iunius</strong></span> <span class='ocrx_word' id='word_1_137' title='bbox 1332 2119 1399 2184; x_wconf 94' lang='lat' dir='ltr'><strong>ideo</strong></span> <span class='ocrx_word' id='word_1_138' title='bbox 1423 2119 1601 2193; x_wconf 71' lang='lat' dir='ltr'><strong>exercitusp</strong></span> 
     </span>
     <span class='ocr_line' id='line_1_17' title="bbox 447 2220 1572 2305; baseline 0.001 -19"><span class='ocrx_word' id='word_1_139' title='bbox 447 2222 661 2305; x_wconf 82' lang='lat' dir='ltr'><strong>perdiderrmt,</strong></span> <span class='ocrx_word' id='word_1_140' title='bbox 678 2221 759 2303; x_wconf 90' lang='lat' dir='ltr'><strong>quod</strong></span> <span class='ocrx_word' id='word_1_141' title='bbox 774 2220 929 2303; x_wconf 91' lang='lat' dir='ltr'><strong>pullorum</strong></span> <span class='ocrx_word' id='word_1_142' title='bbox 944 2221 1133 2286; x_wconf 91' lang='lat' dir='ltr'><strong>solistimum</strong></span> <span class='ocrx_word' id='word_1_143' title='bbox 1147 2221 1319 2302; x_wconf 91' lang='lat' dir='ltr'><strong>tripudium</strong></span> <span class='ocrx_word' id='word_1_144' title='bbox 1335 2223 1572 2303; x_wconf 78' lang='lat' dir='ltr'><strong>exspectandum</strong></span> 
     </span>
     <span class='ocr_line' id='line_1_18' title="bbox 447 2324 1599 2409; baseline 0.003 -19"><span class='ocrx_word' id='word_1_145' title='bbox 447 2344 507 2390; x_wconf 91' lang='lat' dir='ltr'><strong>non</strong></span> <span class='ocrx_word' id='word_1_146' title='bbox 522 2327 718 2408; x_wconf 89' lang='lat' dir='ltr'><strong>putauerunt.</strong></span> <span class='ocrx_word' id='word_1_147' title='bbox 736 2325 810 2406; x_wconf 92' lang='lat' dir='ltr'><strong>quid</strong></span> <span class='ocrx_word' id='word_1_148' title='bbox 825 2324 984 2409; x_wconf 76' lang='lat' dir='ltr'><strong>Regulus?</strong></span> <span class='ocrx_word' id='word_1_149' title='bbox 999 2337 1097 2389; x_wconf 90' lang='lat' dir='ltr'><strong>nonne</strong></span> <span class='ocrx_word' id='word_1_150' title='bbox 1112 2324 1241 2408; x_wconf 89' lang='lat' dir='ltr'><strong>auguria</strong></span> <span class='ocrx_word' id='word_1_151' title='bbox 1255 2325 1393 2389; x_wconf 90' lang='lat' dir='ltr'><strong>seruauit</strong></span> <span class='ocrx_word' id='word_1_152' title='bbox 1418 2325 1450 2391; x_wconf 93' lang='lat' dir='ltr'><strong>et</strong></span> <span class='ocrx_word' id='word_1_153' title='bbox 1465 2328 1599 2409; x_wconf 89' lang='lat' dir='ltr'><strong>eaptus3</strong></span> 
     </span>
     <span class='ocr_line' id='line_1_19' title="bbox 448 2426 1569 2511; baseline -0.001 -18"><span class='ocrx_word' id='word_1_154' title='bbox 448 2430 519 2493; x_wconf 80' lang='lat' dir='ltr'><strong>est?</strong></span> <span class='ocrx_word' id='word_1_155' title='bbox 535 2428 696 2492; x_wconf 87' lang='lat' dir='ltr'><strong>Mancinus</strong></span> <span class='ocrx_word' id='word_1_156' title='bbox 711 2427 891 2511; x_wconf 90' lang='lat' dir='ltr'><strong>religionem</strong></span> <span class='ocrx_word' id='word_1_157' title='bbox 905 2427 1020 2505; x_wconf 90' lang='lat' dir='ltr'><strong>tenuit,</strong></span> <span class='ocrx_word' id='word_1_158' title='bbox 1037 2429 1068 2492; x_wconf 89' lang='lat' dir='ltr'><strong>et</strong></span> <span class='ocrx_word' id='word_1_159' title='bbox 1084 2427 1140 2491; x_wconf 92' lang='lat' dir='ltr'><strong>sub</strong></span> <span class='ocrx_word' id='word_1_160' title='bbox 1156 2426 1265 2511; x_wconf 91' lang='lat' dir='ltr'><strong>iugum</strong></span> <span class='ocrx_word' id='word_1_161' title='bbox 1279 2427 1392 2492; x_wconf 89' lang='lat' dir='ltr'><strong>missus</strong></span> <span class='ocrx_word' id='word_1_162' title='bbox 1407 2429 1454 2492; x_wconf 89' lang='lat' dir='ltr'><strong>est</strong></span> <span class='ocrx_word' id='word_1_163' title='bbox 1469 2430 1501 2492; x_wconf 90' lang='lat' dir='ltr'><strong>et</strong></span> <span class='ocrx_word' id='word_1_164' title='bbox 1516 2428 1569 2493; x_wconf 93' lang='lat' dir='ltr'><strong>de·</strong></span> 
     </span>
     <span class='ocr_line' id='line_1_20' title="bbox 446 2528 1571 2612; baseline 0.002 -18"><span class='ocrx_word' id='word_1_165' title='bbox 446 2531 541 2595; x_wconf 88' lang='lat' dir='ltr'><strong>ditus.</strong></span> <span class='ocrx_word' id='word_1_166' title='bbox 569 2531 670 2612; x_wconf 91' lang='lat' dir='ltr'><strong>pullos</strong></span> <span class='ocrx_word' id='word_1_167' title='bbox 686 2530 792 2595; x_wconf 85' lang='lat' dir='ltr'><strong>edaces</strong></span> <span class='ocrx_word' id='word_1_168' title='bbox 812 2529 922 2595; x_wconf 90' lang='lat' dir='ltr'><strong>habuit</strong></span> <span class='ocrx_word' id='word_1_169' title='bbox 942 2531 973 2593; x_wconf 92' lang='lat' dir='ltr'><strong>et</strong></span> <span class='ocrx_word' id='word_1_170' title='bbox 987 2529 1119 2606; x_wconf 90' lang='lat' dir='ltr'><strong>Paulus,</strong></span> <span class='ocrx_word' id='word_1_171' title='bbox 1147 2529 1229 2610; x_wconf 95' lang='lat' dir='ltr'><strong>apud</strong></span> <span class='ocrx_word' id='word_1_172' title='bbox 1244 2528 1364 2594; x_wconf 81' lang='lat' dir='ltr'><strong>Cannas</strong></span> <span class='ocrx_word' id='word_1_173' title='bbox 1382 2532 1571 2597; x_wconf 91' lang='lat' dir='ltr'><strong>tamencum</strong></span> 
     </span>
     <span class='ocr_line' id='line_1_21' title="bbox 409 2629 1600 2714; baseline 0.007 -23"><span class='ocrx_word' id='word_1_174' title='bbox 409 2635 562 2698; x_wconf 78' lang='lat' dir='ltr'><strong>armaiore</strong></span> <span class='ocrx_word' id='word_1_175' title='bbox 576 2633 682 2714; x_wconf 93' lang='lat' dir='ltr'><strong>populi</strong></span> <span class='ocrx_word' id='word_1_176' title='bbox 696 2632 826 2697; x_wconf 87' lang='lat' dir='ltr'><strong>Romani</strong></span> <span class='ocrx_word' id='word_1_177' title='bbox 840 2632 927 2714; x_wconf 88' lang='lat' dir='ltr'><strong>parte</strong></span> <span class='ocrx_word' id='word_1_178' title='bbox 940 2632 1112 2713; x_wconf 88' lang='lat' dir='ltr'><strong>prostratus</strong></span> <span class='ocrx_word' id='word_1_179' title='bbox 1128 2633 1183 2696; x_wconf 89' lang='lat' dir='ltr'><strong>est.</strong></span> <span class='ocrx_word' id='word_1_180' title='bbox 1201 2629 1295 2696; x_wconf 84' lang='lat' dir='ltr'><strong>Gaius</strong></span> <span class='ocrx_word' id='word_1_181' title='bbox 1308 2630 1430 2711; x_wconf 82' lang='lat' dir='ltr'><strong>Caesar,</strong></span> <span class='ocrx_word' id='word_1_182' title='bbox 1448 2652 1487 2697; x_wconf 93' lang='lat' dir='ltr'><strong>ne</strong></span> <span class='ocrx_word' id='word_1_183' title='bbox 1501 2633 1600 2700; x_wconf 75' lang='lat' dir='ltr'><strong>anne</strong></span> 
     </span>
     <span class='ocr_line' id='line_1_22' title="bbox 447 2734 1570 2818; baseline -0.001 -18"><span class='ocrx_word' id='word_1_184' title='bbox 447 2737 590 2800; x_wconf 88' lang='lat' dir='ltr'><strong>brumam</strong></span> <span class='ocrx_word' id='word_1_185' title='bbox 615 2736 648 2799; x_wconf 90' lang='lat' dir='ltr'><strong>in</strong></span> <span class='ocrx_word' id='word_1_186' title='bbox 662 2734 802 2800; x_wconf 75' lang='lat' dir='ltr'><strong>Africam</strong></span> <span class='ocrx_word' id='word_1_187' title='bbox 816 2734 944 2818; x_wconf 89' lang='lat' dir='ltr'><strong>nauigia</strong></span> <span class='ocrx_word' id='word_1_188' title='bbox 961 2734 1198 2812; x_wconf 90' lang='lat' dir='ltr'><strong>transmitteret,</strong></span> <span class='ocrx_word' id='word_1_189' title='bbox 1215 2734 1352 2817; x_wconf 86' lang='lat' dir='ltr'><strong>auguriis</strong></span> <span class='ocrx_word' id='word_1_190' title='bbox 1378 2736 1409 2798; x_wconf 87' lang='lat' dir='ltr'><strong>et</strong></span> <span class='ocrx_word' id='word_1_191' title='bbox 1424 2734 1570 2815; x_wconf 88' lang='lat' dir='ltr'><strong>auspiciis</strong></span> 
     </span>
     <span class='ocr_line' id='line_1_23' title="bbox 446 2836 1599 2921; baseline -0.002 -19"><span class='ocrx_word' id='word_1_192' title='bbox 446 2839 665 2915; x_wconf 86' lang='lat' dir='ltr'><strong>renitentibus,</strong></span> <span class='ocrx_word' id='word_1_193' title='bbox 682 2838 812 2919; x_wconf 90' lang='lat' dir='ltr'><strong>spreuit:</strong></span> <span class='ocrx_word' id='word_1_194' title='bbox 829 2855 862 2901; x_wconf 90' lang='lat' dir='ltr'><strong>eo</strong></span> <span class='ocrx_word' id='word_1_195' title='bbox 878 2836 1000 2902; x_wconf 89' lang='lat' dir='ltr'><strong>facilius</strong></span> <span class='ocrx_word' id='word_1_196' title='bbox 1017 2838 1048 2900; x_wconf 90' lang='lat' dir='ltr'><strong>et</strong></span> <span class='ocrx_word' id='word_1_197' title='bbox 1062 2837 1224 2921; x_wconf 89' lang='lat' dir='ltr'><strong>nauigauit</strong></span> <span class='ocrx_word' id='word_1_198' title='bbox 1238 2839 1270 2902; x_wconf 89' lang='lat' dir='ltr'><strong>et</strong></span> <span class='ocrx_word' id='word_1_199' title='bbox 1289 2837 1374 2902; x_wconf 89' lang='lat' dir='ltr'><strong>uicit.</strong></span> <span class='ocrx_word' id='word_1_200' title='bbox 1405 2856 1482 2919; x_wconf 85' lang='lat' dir='ltr'><strong>quae</strong></span> <span class='ocrx_word' id='word_1_201' title='bbox 1499 2855 1599 2912; x_wconf 84' lang='lat' dir='ltr'><strong>uero5</strong></span> 
     </span>
     <span class='ocr_line' id='line_1_24' title="bbox 447 2939 1570 3022; baseline 0 -17"><span class='ocrx_word' id='word_1_202' title='bbox 447 2942 479 3005; x_wconf 90' lang='lat' dir='ltr'><strong>et</strong></span> <span class='ocrx_word' id='word_1_203' title='bbox 494 2940 610 3022; x_wconf 89' lang='lat' dir='ltr'><strong>quanta</strong></span> <span class='ocrx_word' id='word_1_204' title='bbox 631 2939 668 3004; x_wconf 96' lang='lat' dir='ltr'><strong>de</strong></span> <span class='ocrx_word' id='word_1_205' title='bbox 683 2939 813 3006; x_wconf 86' lang='lat' dir='ltr'><strong>oraculis</strong></span> <span class='ocrx_word' id='word_1_206' title='bbox 828 2941 1014 3022; x_wconf 82' lang='lat' dir='ltr'><strong>prosequar?</strong></span> <span class='ocrx_word' id='word_1_207' title='bbox 1037 2941 1106 3021; x_wconf 90' lang='lat' dir='ltr'><strong>post</strong></span> <span class='ocrx_word' id='word_1_208' title='bbox 1120 2941 1254 3005; x_wconf 91' lang='lat' dir='ltr'><strong>mortem</strong></span> <span class='ocrx_word' id='word_1_209' title='bbox 1267 2939 1474 3022; x_wconf 84' lang='lat' dir='ltr'><strong>Amphiaraus</strong></span> <span class='ocrx_word' id='word_1_210' title='bbox 1495 2960 1570 3005; x_wconf 92' lang='lat' dir='ltr'><strong>uen-</strong></span> 
     </span>
     <span class='ocr_line' id='line_1_25' title="bbox 444 3041 1568 3125; baseline -0.002 -18"><span class='ocrx_word' id='word_1_211' title='bbox 444 3044 517 3107; x_wconf 90' lang='lat' dir='ltr'><strong>tura</strong></span> <span class='ocrx_word' id='word_1_212' title='bbox 532 3042 701 3125; x_wconf 89' lang='lat' dir='ltr'><strong>respondit,</strong></span> <span class='ocrx_word' id='word_1_213' title='bbox 728 3043 782 3125; x_wconf 90' lang='lat' dir='ltr'><strong>qui</strong></span> <span class='ocrx_word' id='word_1_214' title='bbox 795 3043 952 3125; x_wconf 88' lang='lat' dir='ltr'><strong>proditum</strong></span> <span class='ocrx_word' id='word_1_215' title='bbox 973 3041 1013 3106; x_wconf 91' lang='lat' dir='ltr'><strong>iri</strong></span> <span class='ocrx_word' id='word_1_216' title='bbox 1036 3060 1067 3107; x_wconf 90' lang='lat' dir='ltr'><strong>se</strong></span> <span class='ocrx_word' id='word_1_217' title='bbox 1082 3043 1120 3120; x_wconf 83' lang='lat' dir='ltr'><strong>ob</strong></span> <span class='ocrx_word' id='word_1_218' title='bbox 1136 3044 1250 3108; x_wconf 92' lang='lat' dir='ltr'><strong>monile</strong></span> <span class='ocrx_word' id='word_1_219' title='bbox 1266 3044 1303 3109; x_wconf 92' lang='lat' dir='ltr'><strong>ab</strong></span> <span class='ocrx_word' id='word_1_220' title='bbox 1324 3061 1415 3109; x_wconf 85' lang='lat' dir='ltr'><strong>uxore</strong></span> <span class='ocrx_word' id='word_1_221' title='bbox 1429 3042 1568 3109; x_wconf 88' lang='lat' dir='ltr'><strong>nesciuit.</strong></span> 
     </span>
    </p>
   </div>
   <div class='ocr_carea' id='block_1_5' title="bbox 438 3280 1572 4465">
    <p class='ocr_par' dir='ltr' id='par_1_7' title="bbox 438 3280 1572 4465">
     <span class='ocr_line' id='line_1_26' title="bbox 499 3280 1571 3351; baseline -0.004 -13"><span class='ocrx_word' id='word_1_222' title='bbox 499 3285 514 3339; x_wconf 91' lang='lat'>1</span> <span class='ocrx_word' id='word_1_223' title='bbox 529 3285 570 3336; x_wconf 89' lang='lat' dir='ltr'><strong>set</strong></span> <span class='ocrx_word' id='word_1_224' title='bbox 580 3297 646 3351; x_wconf 86' lang='lat' dir='ltr'><strong>quae</strong></span> <span class='ocrx_word' id='word_1_225' title='bbox 656 3282 776 3336; x_wconf 82' lang='lat' dir='ltr'><strong>Vahlen:</strong></span> <span class='ocrx_word' id='word_1_226' title='bbox 790 3282 818 3334; x_wconf 89' lang='lat' dir='ltr'><strong>et</strong></span> <span class='ocrx_word' id='word_1_227' title='bbox 827 3297 893 3349; x_wconf 83' lang='lat' dir='ltr'><strong>quoe</strong></span> <span class='ocrx_word' id='word_1_228' title='bbox 899 3282 949 3345; x_wconf 94' lang='lat' dir='ltr'><strong>Pr,</strong></span> <span class='ocrx_word' id='word_1_229' title='bbox 959 3283 1067 3350; x_wconf 83' lang='lat' dir='ltr'><strong>atquae</strong></span> <span class='ocrx_word' id='word_1_230' title='bbox 1077 3282 1196 3336; x_wconf 87' lang='lat' dir='ltr'><strong>Vrsinus</strong></span> <span class='ocrx_word' id='word_1_231' title='bbox 1242 3280 1356 3337; x_wconf 79' lang='lat' dir='ltr'><strong>2Veste</strong></span> <span class='ocrx_word' id='word_1_232' title='bbox 1366 3297 1428 3334; x_wconf 86' lang='lat' dir='ltr'><strong>sane</strong></span> <span class='ocrx_word' id='word_1_233' title='bbox 1437 3280 1571 3334; x_wconf 87' lang='lat' dir='ltr'><strong>nesciente</strong></span> 
     </span>
     <span class='ocr_line' id='line_1_27' title="bbox 444 3365 1570 3436; baseline -0.003 -13"><span class='ocrx_word' id='word_1_234' title='bbox 444 3370 518 3423; x_wconf 83' lang='lat' dir='ltr'><strong>obelo</strong></span> <span class='ocrx_word' id='word_1_235' title='bbox 529 3369 639 3423; x_wconf 84' lang='lat' dir='ltr'><strong>notauit</strong></span> <span class='ocrx_word' id='word_1_236' title='bbox 648 3369 800 3422; x_wconf 86' lang='lat' dir='ltr'><strong>Heumann</strong></span> <span class='ocrx_word' id='word_1_237' title='bbox 850 3367 968 3436; x_wconf 76' lang='lat' dir='ltr'><strong>imagis</strong></span> <span class='ocrx_word' id='word_1_238' title='bbox 980 3366 1439 3435; x_wconf 83' lang='lat' dir='ltr'><strong>quamesaeerdotibnsHeumann</strong></span> <span class='ocrx_word' id='word_1_239' title='bbox 1492 3365 1570 3424; x_wconf 79' lang='lat' dir='ltr'><strong>bin·</strong></span> 
     </span>
     <span class='ocr_line' id='line_1_28' title="bbox 443 3451 1537 3521; baseline -0.003 -14"><span class='ocrx_word' id='word_1_240' title='bbox 443 3457 531 3507; x_wconf 83' lang='lat' dir='ltr'><strong>terras</strong></span> <span class='ocrx_word' id='word_1_241' title='bbox 552 3456 580 3507; x_wconf 89' lang='lat' dir='ltr'><strong>et</strong></span> <span class='ocrx_word' id='word_1_242' title='bbox 602 3455 628 3508; x_wconf 92' lang='lat' dir='ltr'><strong>P</strong></span> <span class='ocrx_word' id='word_1_243' title='bbox 646 3470 692 3521; x_wconf 80' lang='lat' dir='ltr'><strong>pr.</strong></span> <span class='ocrx_word' id='word_1_244' title='bbox 710 3471 744 3507; x_wconf 86' lang='lat' dir='ltr'><strong>ne.</strong></span> <span class='ocrx_word' id='word_1_245' title='bbox 765 3455 778 3521; x_wconf 90' lang='grc'><strong>11</strong></span> <span class='ocrx_word' id='word_1_246' title='bbox 797 3453 969 3508; x_wconf 87' lang='lat' dir='ltr'><strong>condicuntur</strong></span> <span class='ocrx_word' id='word_1_247' title='bbox 985 3452 1104 3508; x_wconf 82' lang='lat' dir='ltr'><strong>Vrsinus</strong></span> <span class='ocrx_word' id='word_1_248' title='bbox 1173 3452 1209 3509; x_wconf 91' lang='lat'><strong>10</strong></span> <span class='ocrx_word' id='word_1_249' title='bbox 1227 3455 1254 3506; x_wconf 90' lang='lat' dir='ltr'><strong>et</strong></span> <span class='ocrx_word' id='word_1_250' title='bbox 1272 3453 1349 3520; x_wconf 85' lang='lat' dir='ltr'><strong>(ante</strong></span> <span class='ocrx_word' id='word_1_251' title='bbox 1360 3451 1447 3518; x_wconf 84' lang='lat' dir='ltr'><strong>Vest.)</strong></span> <span class='ocrx_word' id='word_1_252' title='bbox 1460 3467 1537 3505; x_wconf 82' lang='lat' dir='ltr'><strong>enar</strong></span> 
     </span>
     <span class='ocr_line' id='line_1_29' title="bbox 446 3535 1570 3607; baseline -0.005 -11"><span class='ocrx_word' id='word_1_253' title='bbox 446 3541 483 3596; x_wconf 91' lang='lat'><strong>11</strong></span> <span class='ocrx_word' id='word_1_254' title='bbox 498 3540 556 3593; x_wconf 89' lang='lat' dir='ltr'><strong>ciuo</strong></span> <span class='ocrx_word' id='word_1_255' title='bbox 568 3541 607 3593; x_wconf 80' lang='grc' dir='ltr'><strong>Ρι</strong></span> <span class='ocrx_word' id='word_1_256' title='bbox 623 3540 635 3607; x_wconf 93' lang='grc'><strong>11</strong></span> <span class='ocrx_word' id='word_1_257' title='bbox 651 3555 693 3592; x_wconf 87' lang='lat' dir='ltr'><strong>res</strong></span> <span class='ocrx_word' id='word_1_258' title='bbox 703 3555 805 3592; x_wconf 87' lang='lat' dir='ltr'><strong>summa</strong></span> <span class='ocrx_word' id='word_1_259' title='bbox 814 3539 940 3606; x_wconf 77' lang='lat' dir='ltr'><strong>Vrsinus,</strong></span> <span class='ocrx_word' id='word_1_260' title='bbox 950 3539 990 3593; x_wconf 91' lang='lat' dir='ltr'><strong>rei</strong></span> <span class='ocrx_word' id='word_1_261' title='bbox 1001 3555 1026 3607; x_wconf 91' lang='lat' dir='ltr'><strong>p.</strong></span> <span class='ocrx_word' id='word_1_262' title='bbox 1041 3555 1143 3593; x_wconf 86' lang='lat' dir='ltr'><strong>summe</strong></span> <span class='ocrx_word' id='word_1_263' title='bbox 1153 3539 1293 3593; x_wconf 85' lang='lat' dir='ltr'><strong>Woeeerus</strong></span> <span class='ocrx_word' id='word_1_264' title='bbox 1338 3537 1376 3594; x_wconf 87' lang='grc'><strong>14</strong></span> <span class='ocrx_word' id='word_1_265' title='bbox 1387 3553 1415 3590; x_wconf 90' lang='lat' dir='ltr'><strong>es</strong></span> <span class='ocrx_word' id='word_1_266' title='bbox 1426 3535 1570 3590; x_wconf 76' lang='lat' dir='ltr'><strong>Gelenius:</strong></span> 
     </span>
     <span class='ocr_line' id='line_1_30' title="bbox 443 3622 1572 3694; baseline -0.003 -16"><span class='ocrx_word' id='word_1_267' title='bbox 443 3627 486 3678; x_wconf 87' lang='lat' dir='ltr'><strong>est</strong></span> <span class='ocrx_word' id='word_1_268' title='bbox 496 3627 538 3680; x_wconf 90' lang='lat' dir='ltr'><strong>Pr</strong></span> <span class='ocrx_word' id='word_1_269' title='bbox 542 3646 552 3692; x_wconf 90' lang='lat'><em>;</em></span> <span class='ocrx_word' id='word_1_270' title='bbox 571 3625 606 3691; x_wconf 77' lang='lat' dir='ltr'><strong>cf.</strong></span> <span class='ocrx_word' id='word_1_271' title='bbox 621 3629 712 3692; x_wconf 75' lang='lat' dir='ltr'><strong>capr</strong></span> <span class='ocrx_word' id='word_1_272' title='bbox 734 3626 746 3691; x_wconf 92' lang='grc'><strong>11</strong></span> <span class='ocrx_word' id='word_1_273' title='bbox 769 3625 969 3693; x_wconf 87' lang='lat' dir='ltr'><strong>penitentch,</strong></span> <span class='ocrx_word' id='word_1_274' title='bbox 982 3625 1150 3694; x_wconf 90' lang='lat' dir='ltr'><strong>poenitenter</strong></span> <span class='ocrx_word' id='word_1_275' title='bbox 1167 3641 1183 3677; x_wconf 92' lang='lat' dir='ltr'><strong>r</strong></span> <span class='ocrx_word' id='word_1_276' title='bbox 1236 3624 1272 3682; x_wconf 86' lang='lat'><strong>15</strong></span> <span class='ocrx_word' id='word_1_277' title='bbox 1291 3623 1417 3679; x_wconf 82' lang='lat' dir='ltr'><strong>Claudius</strong></span> <span class='ocrx_word' id='word_1_278' title='bbox 1429 3622 1572 3676; x_wconf 84' lang='lat' dir='ltr'><strong>Meureius</strong></span> 
     </span>
     <span class='ocr_line' id='line_1_31' title="bbox 444 3709 1571 3775; baseline -0.005 -9"><span class='ocrx_word' id='word_1_279' title='bbox 444 3710 481 3766; x_wconf 87' lang='grc'><strong>16</strong></span> <span class='ocrx_word' id='word_1_280' title='bbox 495 3710 656 3764; x_wconf 87' lang='lat' dir='ltr'><strong>solistimum</strong></span> <span class='ocrx_word' id='word_1_281' title='bbox 673 3709 819 3764; x_wconf 74' lang='lat' dir='ltr'><strong>Gelenirrs:</strong></span> <span class='ocrx_word' id='word_1_282' title='bbox 850 3709 1070 3764; x_wconf 88' lang='lat' dir='ltr'><strong>sollemnisimnm</strong></span> <span class='ocrx_word' id='word_1_283' title='bbox 1091 3711 1130 3775; x_wconf 92' lang='lat' dir='ltr'><strong>P,</strong></span> <span class='ocrx_word' id='word_1_284' title='bbox 1162 3709 1413 3763; x_wconf 89' lang='lat' dir='ltr'><strong>solemnissimumr</strong></span> <span class='ocrx_word' id='word_1_285' title='bbox 1477 3709 1511 3765; x_wconf 84' lang='grc'>17</span> <span class='ocrx_word' id='word_1_286' title='bbox 1529 3722 1571 3761; x_wconf 83' lang='lat' dir='ltr'><strong>ar·</strong></span> 
     </span>
     <span class='ocr_line' id='line_1_32' title="bbox 440 3794 1569 3865; baseline -0.004 -16"><span class='ocrx_word' id='word_1_287' title='bbox 440 3796 521 3865; x_wconf 87' lang='lat' dir='ltr'><strong>guria</strong></span> <span class='ocrx_word' id='word_1_288' title='bbox 531 3797 564 3860; x_wconf 92' lang='lat' dir='ltr'><strong>P,</strong></span> <span class='ocrx_word' id='word_1_289' title='bbox 575 3796 695 3865; x_wconf 85' lang='lat' dir='ltr'><strong>auspicia</strong></span> <span class='ocrx_word' id='word_1_290' title='bbox 707 3796 866 3865; x_wconf 75' lang='lat' dir='ltr'><strong>Cyprianus</strong></span> <span class='ocrx_word' id='word_1_291' title='bbox 877 3797 894 3850; x_wconf 86' lang='lat' dir='ltr'><strong>i.</strong></span> <span class='ocrx_word' id='word_1_292' title='bbox 905 3813 926 3851; x_wconf 92' lang='lat' dir='ltr'><strong>c.</strong></span> <span class='ocrx_word' id='word_1_293' title='bbox 939 3799 966 3863; x_wconf 88' lang='lat'><strong>3,</strong></span> <span class='ocrx_word' id='word_1_294' title='bbox 980 3799 998 3850; x_wconf 88' lang='lat'>6</span> <span class='ocrx_word' id='word_1_295' title='bbox 1047 3795 1082 3852; x_wconf 89' lang='lat'><strong>18</strong></span> <span class='ocrx_word' id='word_1_296' title='bbox 1094 3796 1191 3850; x_wconf 81' lang='lat' dir='ltr'><strong>hebuit</strong></span> <span class='ocrx_word' id='word_1_297' title='bbox 1199 3795 1300 3860; x_wconf 83' lang='lat' dir='ltr'><strong>Paulus</strong></span> <span class='ocrx_word' id='word_1_298' title='bbox 1309 3798 1337 3849; x_wconf 86' lang='lat' dir='ltr'><strong>et</strong></span> <span class='ocrx_word' id='word_1_299' title='bbox 1346 3794 1415 3865; x_wconf 87' lang='lat' dir='ltr'><strong>apud</strong></span> <span class='ocrx_word' id='word_1_300' title='bbox 1425 3795 1569 3864; x_wconf 64' lang='lat' dir='ltr'><strong>Wopkens,</strong></span> 
     </span>
     <span class='ocr_line' id='line_1_33' title="bbox 441 3881 1569 3951; baseline 0.002 -17"><span class='ocrx_word' id='word_1_301' title='bbox 441 3888 474 3935; x_wconf 86' lang='lat' dir='ltr'><strong>ut</strong></span> <span class='ocrx_word' id='word_1_302' title='bbox 491 3882 649 3949; x_wconf 73' lang='lat' dir='ltr'><strong>Cyprianus</strong></span> <span class='ocrx_word' id='word_1_303' title='bbox 661 3885 687 3949; x_wconf 83' lang='lat'><strong>3,</strong></span> <span class='ocrx_word' id='word_1_304' title='bbox 703 3885 720 3934; x_wconf 89' lang='lat'><strong><em>6</em></strong></span> <span class='ocrx_word' id='word_1_305' title='bbox 725 3901 736 3948; x_wconf 84' lang='lat'><strong>,·</strong></span> <span class='ocrx_word' id='word_1_306' title='bbox 762 3881 858 3935; x_wconf 85' lang='lat' dir='ltr'><strong>habuit</strong></span> <span class='ocrx_word' id='word_1_307' title='bbox 869 3884 897 3935; x_wconf 89' lang='lat' dir='ltr'><strong>et</strong></span> <span class='ocrx_word' id='word_1_308' title='bbox 909 3882 1009 3935; x_wconf 82' lang='lat' dir='ltr'><strong>Paulus</strong></span> <span class='ocrx_word' id='word_1_309' title='bbox 1022 3881 1091 3951; x_wconf 84' lang='lat' dir='ltr'><strong>apud</strong></span> <span class='ocrx_word' id='word_1_310' title='bbox 1108 3881 1224 3947; x_wconf 82' lang='lat' dir='ltr'><strong>Cannas,</strong></span> <span class='ocrx_word' id='word_1_311' title='bbox 1252 3884 1342 3935; x_wconf 91' lang='lat' dir='ltr'><strong>tamen</strong></span> <span class='ocrx_word' id='word_1_312' title='bbox 1354 3883 1452 3951; x_wconf 57' lang='lat' dir='ltr'><strong>uulpu-</strong></span> <span class='ocrx_word' id='word_1_313' title='bbox 1472 3882 1569 3936; x_wconf 88' lang='lat' dir='ltr'><strong>uerbo·</strong></span> 
     </span>
     <span class='ocr_line' id='line_1_34' title="bbox 441 3958 1559 4037; baseline 0 -17"><span class='ocrx_word' id='word_1_314' title='bbox 441 3984 505 4020; x_wconf 84' lang='lat' dir='ltr'><strong>rura</strong></span> <span class='ocrx_word' id='word_1_315' title='bbox 516 3958 719 4021; x_wconf 75' lang='lat' dir='ltr'><strong>distinctionem</strong></span> <span class='ocrx_word' id='word_1_316' title='bbox 730 3969 849 4021; x_wconf 82' lang='lat' dir='ltr'><strong>eorrcait</strong></span> <span class='ocrx_word' id='word_1_317' title='bbox 860 3967 1002 4021; x_wconf 89' lang='lat' dir='ltr'><strong>Meursius</strong></span> <span class='ocrx_word' id='word_1_318' title='bbox 1048 3967 1084 4024; x_wconf 88' lang='grc'><strong>19</strong></span> <span class='ocrx_word' id='word_1_319' title='bbox 1096 3983 1154 4037; x_wconf 91' lang='lat' dir='ltr'><strong>pop.</strong></span> <span class='ocrx_word' id='word_1_320' title='bbox 1167 3967 1214 4022; x_wconf 89' lang='lat' dir='ltr'><strong>Ro.</strong></span> <span class='ocrx_word' id='word_1_321' title='bbox 1229 3968 1262 4023; x_wconf 93' lang='lat' dir='ltr'><strong>P.</strong></span> <span class='ocrx_word' id='word_1_322' title='bbox 1276 3967 1393 4022; x_wconf 80' lang='lat' dir='ltr'><strong>Daniel:</strong></span> <span class='ocrx_word' id='word_1_323' title='bbox 1407 3969 1470 4037; x_wconf 89' lang='lat' dir='ltr'><strong>reip.</strong></span> <span class='ocrx_word' id='word_1_324' title='bbox 1485 3969 1528 4022; x_wconf 89' lang='lat' dir='ltr'><strong>Pr</strong></span> <span class='ocrx_word' id='word_1_325' title='bbox 1547 3970 1559 4036; x_wconf 94' lang='grc'><strong>11</strong></span> 
     </span>
     <span class='ocr_line' id='line_1_35' title="bbox 440 4052 1569 4123; baseline 0 -15"><span class='ocrx_word' id='word_1_326' title='bbox 440 4053 551 4108; x_wconf 81' lang='lat' dir='ltr'><strong>Caiusr</strong></span> <span class='ocrx_word' id='word_1_327' title='bbox 611 4053 646 4109; x_wconf 82' lang='lat'><strong>21</strong></span> <span class='ocrx_word' id='word_1_328' title='bbox 666 4053 775 4122; x_wconf 89' lang='lat' dir='ltr'><strong>nauigio</strong></span> <span class='ocrx_word' id='word_1_329' title='bbox 786 4052 937 4122; x_wconf 78' lang='lat' dir='ltr'><strong>Daursius,</strong></span> <span class='ocrx_word' id='word_1_330' title='bbox 956 4060 985 4109; x_wconf 90' lang='lat' dir='ltr'><strong>at</strong></span> <span class='ocrx_word' id='word_1_331' title='bbox 997 4072 1024 4108; x_wconf 87' lang='lat' dir='ltr'><strong>u.</strong></span> <span class='ocrx_word' id='word_1_332' title='bbox 1043 4054 1124 4123; x_wconf 74' lang='lat' dir='ltr'><strong>appr.</strong></span> <span class='ocrx_word' id='word_1_333' title='bbox 1189 4055 1228 4111; x_wconf 78' lang='lat'><strong>22</strong></span> <span class='ocrx_word' id='word_1_334' title='bbox 1246 4055 1424 4108; x_wconf 86' lang='lat' dir='ltr'><strong>retinentibus</strong></span> <span class='ocrx_word' id='word_1_335' title='bbox 1440 4056 1569 4123; x_wconf 82' lang='lat' dir='ltr'><strong>Vrsinus,</strong></span> 
     </span>
     <span class='ocr_line' id='line_1_36' title="bbox 441 4139 1569 4209; baseline 0 -16"><span class='ocrx_word' id='word_1_336' title='bbox 441 4146 510 4193; x_wconf 84' lang='lat' dir='ltr'><strong>atu.</strong></span> <span class='ocrx_word' id='word_1_337' title='bbox 539 4139 619 4207; x_wconf 79' lang='lat' dir='ltr'><strong>Gppr.</strong></span> <span class='ocrx_word' id='word_1_338' title='bbox 642 4142 700 4204; x_wconf 85' lang='lat'><strong>3,6</strong></span> <span class='ocrx_word' id='word_1_339' title='bbox 722 4141 734 4206; x_wconf 92' lang='grc'><strong>11</strong></span> <span class='ocrx_word' id='word_1_340' title='bbox 758 4140 860 4208; x_wconf 79' lang='lat' dir='ltr'><strong>spreuit</strong></span> <span class='ocrx_word' id='word_1_341' title='bbox 881 4141 908 4194; x_wconf 93' lang='lat' dir='ltr'><strong>P</strong></span> <span class='ocrx_word' id='word_1_342' title='bbox 930 4142 942 4208; x_wconf 92' lang='grc'><strong>11</strong></span> <span class='ocrx_word' id='word_1_343' title='bbox 964 4139 1070 4194; x_wconf 86' lang='lat' dir='ltr'><strong>felicius</strong></span> <span class='ocrx_word' id='word_1_344' title='bbox 1087 4141 1252 4209; x_wconf 84' lang='lat' dir='ltr'><strong>Heumann,</strong></span> <span class='ocrx_word' id='word_1_345' title='bbox 1279 4147 1309 4194; x_wconf 83' lang='lat' dir='ltr'><strong>at</strong></span> <span class='ocrx_word' id='word_1_346' title='bbox 1329 4158 1355 4195; x_wconf 90' lang='lat' dir='ltr'><strong>u.</strong></span> <span class='ocrx_word' id='word_1_347' title='bbox 1378 4141 1508 4195; x_wconf 87' lang='lat' dir='ltr'><strong>Buenern.</strong></span> <span class='ocrx_word' id='word_1_348' title='bbox 1531 4139 1569 4194; x_wconf 88' lang='lat' dir='ltr'><strong>ad</strong></span> 
     </span>
     <span class='ocr_line' id='line_1_37' title="bbox 443 4223 1567 4295; baseline 0.002 -17"><span class='ocrx_word' id='word_1_349' title='bbox 443 4225 573 4278; x_wconf 85' lang='lat' dir='ltr'><strong>Lactant.</strong></span> <span class='ocrx_word' id='word_1_350' title='bbox 586 4223 621 4278; x_wconf 91' lang='lat' dir='ltr'><strong>D.</strong></span> <span class='ocrx_word' id='word_1_351' title='bbox 636 4225 660 4278; x_wconf 88' lang='lat' dir='ltr'><strong>I.</strong></span> <span class='ocrx_word' id='word_1_352' title='bbox 674 4228 700 4293; x_wconf 89' lang='lat'><strong>6,</strong></span> <span class='ocrx_word' id='word_1_353' title='bbox 723 4227 770 4293; x_wconf 77' lang='lat'><strong>24,</strong></span> <span class='ocrx_word' id='word_1_354' title='bbox 792 4228 813 4279; x_wconf 81' lang='lat'><em>2</em></span> <span class='ocrx_word' id='word_1_355' title='bbox 864 4226 903 4282; x_wconf 81' lang='lat'><strong>23</strong></span> <span class='ocrx_word' id='word_1_356' title='bbox 921 4228 1050 4280; x_wconf 80' lang='lat' dir='ltr'><strong>euentura</strong></span> <span class='ocrx_word' id='word_1_357' title='bbox 1061 4227 1168 4295; x_wconf 85' lang='lat' dir='ltr'><strong>malim,</strong></span> <span class='ocrx_word' id='word_1_358' title='bbox 1187 4228 1222 4293; x_wconf 84' lang='lat' dir='ltr'><strong>af.</strong></span> <span class='ocrx_word' id='word_1_359' title='bbox 1237 4232 1329 4281; x_wconf 80' lang='lat' dir='ltr'><strong>taneen</strong></span> <span class='ocrx_word' id='word_1_360' title='bbox 1340 4227 1419 4281; x_wconf 84' lang='lat' dir='ltr'><strong>Loci.</strong></span> <span class='ocrx_word' id='word_1_361' title='bbox 1433 4226 1468 4280; x_wconf 87' lang='lat' dir='ltr'><strong>de</strong></span> <span class='ocrx_word' id='word_1_362' title='bbox 1478 4231 1567 4281; x_wconf 81' lang='lat' dir='ltr'><strong>merit.</strong></span> 
     </span>
     <span class='ocr_line' id='line_1_38' title="bbox 438 4310 1567 4381; baseline 0.001 -18"><span class='ocrx_word' id='word_1_363' title='bbox 438 4327 542 4379; x_wconf 79' lang='lat' dir='ltr'><strong>perseo.</strong></span> <span class='ocrx_word' id='word_1_364' title='bbox 564 4314 600 4363; x_wconf 88' lang='lat'><strong>10</strong></span> <span class='ocrx_word' id='word_1_365' title='bbox 654 4310 693 4366; x_wconf 82' lang='lat'><strong>24</strong></span> <span class='ocrx_word' id='word_1_366' title='bbox 709 4310 844 4380; x_wconf 90' lang='lat' dir='ltr'><strong>proditum</strong></span> <span class='ocrx_word' id='word_1_367' title='bbox 865 4311 901 4364; x_wconf 91' lang='lat' dir='ltr'><strong>iri</strong></span> <span class='ocrx_word' id='word_1_368' title='bbox 922 4328 950 4364; x_wconf 93' lang='lat' dir='ltr'><strong>se</strong></span> <span class='ocrx_word' id='word_1_369' title='bbox 968 4312 1076 4366; x_wconf 89' lang='lat' dir='ltr'><strong>Peorr.</strong></span> <span class='ocrx_word' id='word_1_370' title='bbox 1098 4328 1133 4366; x_wconf 81' lang='lat' dir='ltr'><strong>ea</strong></span> <span class='ocrx_word' id='word_1_371' title='bbox 1153 4311 1286 4380; x_wconf 76' lang='lat' dir='ltr'><strong>prodieris</strong></span> <span class='ocrx_word' id='word_1_372' title='bbox 1307 4312 1372 4377; x_wconf 90' lang='lat' dir='ltr'><strong>rise;</strong></span> <span class='ocrx_word' id='word_1_373' title='bbox 1390 4311 1512 4381; x_wconf 90' lang='lat' dir='ltr'><strong>proditus</strong></span> <span class='ocrx_word' id='word_1_374' title='bbox 1525 4313 1567 4365; x_wconf 88' lang='lat' dir='ltr'><strong>est</strong></span> 
     </span>
     <span class='ocr_line' id='line_1_39' title="bbox 443 4396 1162 4465; baseline 0.003 -15"><span class='ocrx_word' id='word_1_375' title='bbox 443 4396 501 4464; x_wconf 90' lang='lat' dir='ltr'><strong>ipse</strong></span> <span class='ocrx_word' id='word_1_376' title='bbox 522 4414 537 4451; x_wconf 93' lang='lat' dir='ltr'><strong>r</strong></span> <span class='ocrx_word' id='word_1_377' title='bbox 560 4400 572 4465; x_wconf 93' lang='grc'><strong>11</strong></span> <span class='ocrx_word' id='word_1_378' title='bbox 594 4397 710 4451; x_wconf 89' lang='lat' dir='ltr'><strong>nesciuit</strong></span> <span class='ocrx_word' id='word_1_379' title='bbox 718 4397 758 4450; x_wconf 92' lang='lat' dir='ltr'><strong>ire</strong></span> <span class='ocrx_word' id='word_1_380' title='bbox 771 4397 825 4451; x_wconf 86' lang='lat' dir='ltr'><strong>sias</strong></span> <span class='ocrx_word' id='word_1_381' title='bbox 837 4399 872 4463; x_wconf 90' lang='lat' dir='ltr'><strong>P,</strong></span> <span class='ocrx_word' id='word_1_382' title='bbox 885 4398 995 4452; x_wconf 83' lang='lat' dir='ltr'><strong>nescius</strong></span> <span class='ocrx_word' id='word_1_383' title='bbox 1015 4398 1133 4452; x_wconf 84' lang='lat' dir='ltr'><strong>Tiresias</strong></span> <span class='ocrx_word' id='word_1_384' title='bbox 1146 4415 1162 4452; x_wconf 92' lang='lat' dir='ltr'><strong>r</strong></span> 
     </span>
    </p>
   </div>
   <div class='ocr_carea' id='block_1_6' title="bbox 0 0 2030 5559">
    <p class='ocr_par' dir='ltr' id='par_1_8' title="bbox 0 0 2030 5559">
     <span class='ocr_line' id='line_1_40' title="bbox 0 0 2030 5559; baseline 0 3"><span class='ocrx_word' id='word_1_385' title='bbox 0 0 2030 5559; x_wconf 95' lang='lat' dir='ltr'><strong> </strong></span> 
     </span>
    </p>
   </div>
  </div>
 </body>
</html>
