4050 5559
829 631 992 686 Octauius
1010 647 1032 686 c.
1050 633 1130 691 5--6.
1519 640 1539 703 9

414 784 477 849 dus
493 785 598 851 diuina
612 787 804 869 prouidentia
825 790 856 853 et
870 789 1001 854 alicuius
1022 790 1159 855 numinis
1174 791 1357 856 auctoritate
1372 794 1536 876 regeretur,

417 907 588 970 numquam
613 892 780 956 mereretur
798 885 948 957 Phalaris
959 894 990 957 et
1010 893 1176 976 Dionysius
1200 913 1345 978 regnum,
1370 914 1540 977 numquam

417 990 557 1056 Rutilius
573 994 604 1057 et
618 992 768 1059 Camillus
783 995 925 1074 exilium,
941 1015 1111 1077 numquam
1125 994 1266 1061 Socrates
1287 1016 1447 1062 uenenum.
1472 1009 1589 1064 666613

417 1093 544 1159 arbusta
557 1094 722 1179 frugifera,
747 1115 815 1162 ecce
829 1098 894 1162 iam
910 1116 996 1182 seges
1012 1117 1104 1176 cana,
1119 1098 1183 1162 iam
1197 1099 1367 1165 temulenta
1383 1100 1539 1166 uindemia

391 1196 512 1262 cimbri
527 1200 746 1280 corrumpitur,
762 1200 910 1284 grandine
921 1201 1069 1266 caeditur.
1093 1203 1167 1266 adeo
1182 1203 1237 1266 aut
1251 1203 1369 1268 incerta
1382 1203 1470 1267 nobis
1485 1223 1539 1268 ue-

414 1299 492 1364 ritas
507 1302 680 1367 occultatur
695 1304 726 1368 61
740 1303 905 1384 premitur,
921 1305 975 1368 aut
990 1303 1070 1385 quod
1085 1304 1186 1388 magis
1201 1304 1384 1369 credendum
1401 1307 1461 1384 est,
1483 1326 1539 1371 ua·

414 1402 470 1467 riis
485 1405 517 1468 et
527 1403 655 1470 lubricis
670 1406 791 1470 casibus
806 1406 906 1471 soluta
919 1406 1041 1490 legibus
1056 1407 1177 1471 fortuna
1191 1406 1374 1473 dominatur.

458 1504 536 1570 Cum
556 1507 653 1591 igitur
673 1510 727 1572 aut
748 1507 871 1573 fortuna
893 1527 981 1574 caeca
1001 1510 1055 1573 aut
1075 1509 1191 1574 incerta
1210 1511 1320 1575 natura
1341 1511 1398 1588 sit,
1420 1512 1567 1593 quantoe

415 1609 1537 1696 661616111111666116111166111161116111116111611611161611111161611161611661-

376 1711 549 1794 roplinam,
570 1713 733 1796 religiones
747 1714 878 1778 traditas
894 1714 1005 1791 colere,
1029 1713 1116 1792 deos,
1141 1732 1215 1796 quos
1230 1734 1248 1779 a
1271 1716 1449 1796 parentibus
1465 1718 1535 1781 ante

413 1814 541 1879 inbutus
556 1833 588 1880 es
603 1816 714 1880 timere
729 1836 822 1898 quam
836 1835 923 1881 nosse
938 1816 1140 1894 familiarius,
1157 1818 1296 1895 adorare,
1308 1836 1364 1882 nec
1379 1818 1417 1883 de
1431 1820 1534 1884 numi·

412 1918 505 1982 nibus
521 1919 598 1984 ferre
618 1921 818 1997 sententiam,
849 1921 902 1985 sed
922 1921 1075 2002 prioribus
1097 1921 1232 1998 credere,
1263 1922 1316 2002 qui
1341 1921 1441 1985 adhuc
1464 1920 1535 1986 rudi

411 2023 534 2086 saeculo
556 2021 589 2086 in
603 2023 678 2104 ipsis
700 2023 808 2087 mundi
822 2023 978 2089 natalibus
999 2026 1177 2088 meruerunt
1196 2025 1267 2089 deos
1289 2024 1340 2089 uel
1358 2024 1463 2089 faciles
1478 2025 1535 2089 ha·

412 2125 484 2190 bere
499 2126 549 2190 uel
564 2129 672 2209 reges?
694 2126 765 2191 inde
780 2126 855 2192 adeo
875 2146 929 2208 per
943 2127 1086 2191 uniuersa
1100 2127 1247 2208 imperia,
1269 2128 1457 2209 prouincias,
1481 2146 1535 2210 op-

374 2258 402 2298 11
412 2228 486 2310 pida
501 2229 643 2294 uidemus
658 2229 796 2313 singulos
811 2247 968 2294 sacrorum
983 2229 1062 2294 ritus
1074 2229 1205 2313 gentiles
1225 2230 1337 2295 habere
1352 2233 1384 2296 61
1398 2231 1470 2296 deos
1485 2249 1535 2296 co-

411 2331 475 2396 1616
489 2333 668 2413 municipes
684 2334 720 2396 ut
731 2332 903 2396 Eleusinios
919 2331 1068 2410 Cererem,
1084 2331 1224 2416 Phrygas
1239 2333 1383 2411 Matrem,
1399 2335 1535 2415 Epidau-

412 2434 474 2498 rios
496 2433 731 2516 Aesculapium,
760 2433 927 2499 Chaldaeos
947 2435 1074 2511 Belum,
1100 2433 1247 2499 Astarten
1271 2434 1377 2518 Syros,
1402 2437 1534 2503 Dianam

411 2536 556 2614 Taurios,
583 2536 690 2602 Gallos
718 2538 922 2614 Mercurium,
958 2537 1095 2600 nurnine
1124 2537 1266 2602 uniuersa
1292 2538 1453 2604 Romanos.
1489 2541 1561 2610 sice

409 2657 514 2704 eornm
529 2641 666 2722 potestas
682 2643 713 2705 et
727 2641 893 2705 auctoritas
908 2640 1003 2704 totius
1019 2640 1100 2704 orbis
1122 2640 1276 2705 ambitum
1291 2643 1466 2724 occupauit,
1489 2643 1533 2708 sic

370 2742 576 2824 coimperium
591 2761 683 2807 suum
697 2743 780 2808 ultra
794 2743 867 2807 solis
882 2743 949 2807 uias
964 2745 995 2808 61
1010 2742 1107 2824 ipsius
1122 2741 1235 2808 Oceani
1248 2743 1366 2808 limites
1380 2762 1531 2829 propaga-

408 2845 475 2922 uit,
492 2846 567 2910 dum
582 2847 721 2911 exercent
734 2846 768 2910 in
778 2847 872 2910 armis
887 2846 1037 2910 uirtutem
1048 2845 1236 2930 religiosam,
1253 2847 1327 2910 dum
1342 2848 1450 2912 urbem
1462 2869 1532 2914 mu·

407 2948 499 3013 niunt
521 2966 675 3012 sacrorum
688 2948 900 3032 religionibus,
922 2949 1016 3013 castis
1030 2949 1219 3033 uirginibuS,
1245 2951 1353 3040 multis
1367 2951 1532 3016 honoribus

407 3069 445 3115 ac
458 3050 633 3116 nominibus
648 3052 855 3128 sacerdotum,
871 3050 947 3116 dum
961 3051 1077 3116 obsessi
1092 3054 1123 3116 61
1139 3053 1216 3117 citra
1231 3053 1331 3117 solum
1345 3053 1532 3136 Capitolium

409 3153 494 3236 capti
509 3154 613 3218 colunt
628 3154 714 3232 deos,
736 3172 811 3235 quos
826 3153 905 3218 alius
920 3154 985 3218 iam
999 3154 1166 3237 spreuisset
1180 3156 1290 3233 iratos,
1305 3148 1343 3221 ‘et
1357 3177 1411 3238 per
1426 3155 1532 3222 Gallo-

369 3278 399 3318 61
408 3276 477 3321 rum
492 3257 572 3321 acies
588 3257 771 3322 mirantium
787 3257 1011 3340 superstitionis
1027 3257 1189 3322 audaciam
1208 3259 1340 3341 pergrmt
1362 3259 1531 3326 161161161-

407 3378 482 3437 mos,
498 3360 551 3424 sod
565 3360 653 3424 cultu
667 3359 826 3444 religionis
842 3360 970 3438 armati,
986 3360 1063 3425 dum
1078 3361 1176 3450 captis
1190 3360 1355 3426 hostilibus
1370 3363 1530 3428 moenibus

458 3565 475 3617 2
486 3564 616 3619 dionisius
625 3565 653 3617 P
686 3565 706 3621 4
718 3565 773 3618 iam
785 3581 850 3618 cana
860 3581 935 3634 seges
942 3565 1102 3632 Heumann,
1115 3565 1170 3618 iam
1183 3581 1259 3634 seges
1270 3565 1340 3619 flaua
1350 3566 1384 3618 P.
1391 3565 1496 3620 Daniel

406 3651 425 3709 5
443 3650 507 3704 adeo
519 3654 550 3705 ut
562 3668 578 3703 r
630 3651 648 3706 7
665 3652 772 3705 fortuna
784 3652 1023 3706 6666611611111611.Ι
1042 3650 1148 3704 fortuna
1161 3654 1234 3705 certa
1246 3653 1288 3706 Pr
1340 3652 1357 3709 9
1377 3652 1530 3707 antistitem

409 3737 564 3790 Wowerus:
576 3738 714 3791 antistites
724 3739 767 3792 Pr
820 3739 856 3794 11
870 3739 993 3792 estimare
1003 3740 1055 3792 P¹:
1068 3738 1191 3805 estimare
1200 3740 1227 3793 Ρ
1236 3757 1304 3795 corr.
1316 3741 1491 3794 existimarer
1507 3743 1520 3809 ΙΙ

405 3838 482 3876 nosse
492 3824 532 3876 P:
543 3839 696 3892 cognosset·
715 3827 727 3891 11
748 3824 856 3877 adorare
869 3840 948 3892 qnam
960 3824 1118 3877 addubitare
1131 3827 1269 3880 censorin
1279 3827 1409 3880 Zeitscbr.
1422 3828 1443 3893 f.
1459 3827 1528 3882 Pbil.

404 3908 466 3962 und
474 3908 546 3962 116111.
557 3908 645 3962 Theoi.
653 3913 697 3975 18,
708 3913 760 3962 164
808 3909 844 3965 12
857 3909 921 3978 quia
930 3909 1040 3964 adhucr
1087 3910 1124 3965 13
1137 3911 1165 3964 in
1174 3911 1241 3979 ipsis
1252 3911 1394 3966 Gelenius:
1407 3913 1436 3966 in
1445 3913 1529 3981 ipsius

404 3994 449 4046 Pr
468 3997 480 4060 ll
500 3994 591 4047 mundi
604 3995 631 4047 P
642 4011 710 4048 corr.
725 4012 738 4047 6
751 3995 863 4048 mundus
880 3997 892 4063 Η
912 3995 1004 4049 faciles
1017 3998 1074 4050 Pr:
1086 4001 1176 4065 patres
1187 3999 1362 4062 Perizonius,
1382 4000 1529 4054 familiares

404 4079 448 4133 Jo.
463 4079 583 4146 Scieffer
595 4081 723 4147 (Miscell.
737 4081 839 4134 obseru.
852 4082 905 4134 uel.
919 4081 993 4148 IX);
1012 4083 1047 4147 cf.
1062 4088 1153 4136 16111611
1165 4082 1263 4136 Douis.
1323 4085 1360 4140 14
1378 4085 1456 4153 opida
1469 4086 1497 4138 P

406 4165 651 4232 161111161Ρ11
673 4166 787 4218 Martem
806 4183 833 4229 1,
846 4167 972 4235 Magnam
985 4167 1100 4220 Matrem
1126 4168 1256 4222 Gelenius
1311 4170 1346 4225 17
1366 4170 1529 4240 esculapium

403 4250 527 4304 chaldeos
549 4252 576 4304 P
637 4251 673 4307 18
692 4251 817 4304 Tauricos
835 4252 955 4305 Sabacen
972 4253 1003 4306 in
1011 4255 1134 4320 praefui.
1148 4254 1188 4307 ed.
1207 4255 1297 4323 Rona,
1315 4263 1340 4309 61
1356 4258 1396 4311 sic
1411 4258 1529 4312 Vrsinus

381 4404 384 4407 Ι
403 4352 509 4404 quoque
517 4338 563 4390 uel
572 4336 672 4390 Tauros
692 4339 704 4403 ΙΙ
724 4336 833 4389 numina
842 4338 941 4391 addidi
957 4340 968 4405 ΙΙ
986 4338 1178 4404 uniuersamP,
1188 4341 1361 4395 reimerusn
1398 4344 1433 4399 19
1445 4344 1528 4398 ambi·

402 4423 756 4490 tumscripoirambitusPr
789 4421 829 4479 20
837 4426 1018 4496 propagarunt
1027 4425 1187 4480 Heurnunn.
1225 4427 1263 4483 22
1273 4429 1366 4482 multis
1376 4430 1528 4498 agminibus

403 4508 569 4561 sacerdotnm
583 4508 685 4562 Vcener
728 4507 766 4563 26
780 4509 866 4576 captis
879 4511 1021 4563 anelius:
1035 4511 1107 4580 capti
1120 4512 1148 4565 in
1162 4513 1194 4576 P,
1213 4514 1299 4581 captis
1314 4515 1342 4567 in
1359 4531 1374 4568 r
1386 4516 1444 4584 (sed
1455 4517 1528 4584 capti

404 4608 473 4648 6611.
486 4596 519 4648 in
526 4596 670 4663 praefat),
683 4595 769 4664 captis
781 4594 809 4648 ui
822 4594 958 4650 Danielus
