4050 5559
1505 617 1543 666 IX

415 793 458 857 ut
479 779 680 855 Eleusinios
709 777 879 869 Cererem,
918 775 1082 876 Plrrppas
1114 775 1283 864 Matrem,
1327 772 1545 870 Epidaurios

416 899 691 996 Aesculapium,
722 894 921 972 Chaldaeos
945 895 1092 985 Belum,
1116 898 1286 968 Astarten
1307 889 1428 993 Syros,
1449 892 1544 966 Dia-

419 1046 505 1094 nam
531 1018 721 1108 Tauricos,
752 1014 878 1090 Gallos
901 1015 1139 1105 Mercurium,
1180 1014 1392 1087 uniuersa
1413 1012 1545 1088 Roma·

393 1139 497 1230 nos,
523 1138 584 1211 ubi
608 1138 892 1236 interpretantur
910 1137 1082 1209 uniuersa
1102 1160 1149 1208 se.
1169 1159 1292 1222 sacra,
1317 1132 1544 1206 substantiuo

416 1286 464 1333 ex
488 1257 608 1332 uerbis
630 1257 700 1330 illis
723 1255 831 1355 longe
854 1255 1023 1329 diiunctis
1047 1278 1227 1329 sacrorum
1259 1253 1349 1327 ritus
1380 1255 1543 1351 repetito,

416 1405 499 1452 cum
537 1389 657 1450 tamen
690 1375 894 1449 membrum
919 1375 1000 1448 cleos
1029 1374 1138 1448 colere
1158 1374 1355 1470 municipes
1376 1376 1543 1472 proxime

416 1499 621 1587 antecedat,
648 1496 770 1594 potius
794 1506 1043 1594 exspectares:
1079 1494 1326 1567 uniuersorum
1355 1519 1401 1567 se.
1425 1496 1543 1592 genti-

413 1619 503 1692 lium
523 1618 610 1691 deos
627 1617 809 1690 Romanos
833 1618 960 1706 colere,
989 1627 1028 1687 ut
1047 1625 1101 1688 est
1122 1640 1156 1711 p.
1176 1618 1233 1705 10,
1254 1617 1275 1687 3
1295 1615 1543 1688 uniuersorum

413 1739 571 1837 pentium
594 1762 700 1811 sacra
722 1737 930 1832 suscipiunt.
966 1735 1085 1834 aptius
1109 1745 1228 1808 tamen
1252 1733 1374 1807 uisum
1398 1745 1454 1808 est
1478 1761 1542 1808 nu-

414 1862 513 1931 mina
547 1868 630 1930 ante
666 1855 835 1930 uniuersa
870 1855 1036 1955 supplere
1072 1855 1159 1952 (nisi
1182 1853 1283 1927 malis
1314 1855 1391 1935 hue¹
1416 1854 1542 1928 ordine

415 1979 586 2052 uniuersa
620 1977 788 2066 numina,
828 1975 997 2073 quoniam
1034 1976 1151 2048 codex
1186 1976 1392 2048 uniuersam
1426 1974 1542 2074 prima

415 2124 525 2170 manu
547 2096 692 2196 habet),
718 2097 818 2194 quod
841 2120 918 2169 uoo.
949 2106 1100 2194 propter
1136 2093 1340 2168 litterarum
1372 2094 1542 2196 similitu,-

416 2217 537 2290 dinem
562 2216 729 2289 facillime
752 2216 871 2289 omitti
894 2216 1023 2314 potuit.
1048 2240 1114 2289 neo
1136 2216 1324 2288 ferendum
1348 2215 1542 2290 uidebatur

415 2338 512 2434 quod
537 2336 705 2436 deinceps
728 2336 878 2433 legitur:
906 2338 1099 2409 siccorum
1118 2348 1272 2432 potestas
1296 2328 1334 2408 el
1350 2337 1542 2409 auctoritas

415 2460 521 2530 totius
545 2457 637 2530 orbis
661 2458 813 2530 ambitus
836 2456 1041 2552 occupauit,
1066 2457 1197 2553 quoin
1225 2456 1322 2547 loen,
1361 2457 1459 2554 quod
1488 2457 1541 2529 rei

415 2576 547 2650 ueritas
571 2558 759 2666 suadebat,
784 2577 953 2649 ambitum
976 2577 1220 2665 correximus3
1246 2575 1325 2648 leue
1350 2577 1480 2648 uitium
1502 2576 1539 2648 in

416 2697 494 2769 cod.
519 2707 637 2770 ortum
662 2711 716 2770 est
740 2722 785 2770 ex
809 2695 1071 2769 adsimilatione
1094 2722 1175 2770 cum
1198 2695 1451 2769 terminatione
1476 2723 1540 2768 an-

414 2816 656 2889 tecedentium
693 2815 1004 2890 substantiuorum
1046 2816 1245 2889 auctoritas
1281 2815 1394 2888 totius
1431 2815 1539 2889 orbis.
1583 2862 1585 2867 ,

465 2936 509 3008 In
548 2936 668 3009 uerbis
700 2963 790 3034 quae
830 2949 975 3009 exstant
1008 2962 1036 3010 c.
1057 2939 1140 3025 r,4
1175 2927 1226 3010 tut
1255 2934 1406 3009 Parllos
1435 2939 1540 3034 sipna

413 3069 627 3151 repetamus,
664 3057 824 3129 dirarum
849 3057 1102 3152 inprecationes
1130 3051 1281 3130 Crassus
1309 3068 1340 3128 et
1361 3058 1489 3129 meruit
1511 3069 1543 3128 et

414 3160 541 3248 inrisit'
565 3176 685 3249 minus
722 3203 787 3250 nos
824 3179 939 3249 mouit
970 3177 1162 3249 insolentia
1192 3177 1470 3249 constructionis
1500 3176 1536 3247 in

416 3296 555 3370 sutus
579 3297 648 3371 uis
672 3278 885 3372 accusatius
910 3298 970 3396 (a.
990 3297 1101 3395 vag.
1124 3299 1214 3370 Aen.
1238 3294 1321 3385 vu,
1349 3299 1418 3368 soe
1448 3293 1539 3368 ruo.

415 3417 555 3515 illosque
572 3443 749 3516 reposcere
766 3420 887 3516 sipna)
907 3445 1014 3516 quam
1035 3418 1207 3517 temporis
1221 3417 1419 3516 praesentis
1437 3442 1537 3505 usus,
1609 3494 1612 3500 ,

413 3535 475 3635 qui
489 3538 696 3636 intellegere
711 3566 784 3612 non
802 3541 994 3636 possimus
1014 3564 1086 3636 quo
1102 3537 1214 3611 modo
1230 3537 1267 3610 in
1283 3536 1345 3609 tali
1361 3535 1538 3609 relatione

413 3659 458 3732 de
472 3685 512 3731 re
528 3659 856 3756 temporeAugusti
871 3659 964 3731 facta
971 3657 1150 3731 Minucius
1166 3670 1364 3754 repetamus
1380 3656 1537 3730 scribere

412 3778 581 3877 potuerit.
598 3804 707 3876 quare
726 3778 995 3852 emendauimus
1009 3790 1247 3874 repeteremus,
1269 3788 1308 3848 ut
1326 3787 1381 3850 est
1399 3775 1435 3848 in
1454 3801 1536 3849 con·

410 3899 522 3971 traria
545 3898 737 3972 sententia:
774 3910 814 3972 ut
839 3895 1076 3996 Trasymenus
1097 3895 1341 3970 Romanorum
1362 3897 1539 3994 sanquine

411 4029 443 4090 et
459 4018 575 4090 maior
594 4030 679 4091 esset
697 4030 727 4090 et
746 4016 899 4107 decolor,
922 4017 1057 4114 spreuit
1072 4017 1229 4114 aupuria
1241 4014 1452 4090 Flaminius.
1477 4043 1537 4116 pa-

410 4137 499 4210 riter
518 4162 595 4236 cap.
609 4140 667 4227 30,
689 4140 709 4208 3
731 4162 812 4209 eum
823 4135 957 4209 Vrsino
973 4138 1188 4234 scripsimus
1207 4137 1328 4209 merito
1347 4137 1412 4210 ei..
1432 4162 1455 4208 a
1469 4161 1536 4232 pa·

410 4258 566 4330 rentibus
581 4258 736 4354 infantes
750 4255 1034 4357 immolabantur,
1056 4255 1240 4330 blanditiis
1259 4269 1289 4329 et
1308 4255 1425 4330 osculo
1444 4281 1536 4329 com-

403 4377 578 4473 primente
605 4376 786 4473 uapitum,
822 4401 865 4449 ne
887 4375 1021 4471 flebilis
1054 4376 1168 4449 hostia
1200 4376 1534 4450 immolaretur:

411 4496 656 4595 quoquidem
678 4496 715 4568 in
738 4495 818 4569 loco
837 4495 1035 4569 Minucium
1055 4495 1159 4568 unius
1180 4496 1317 4570 litterae
1336 4496 1537 4570 adiectione
