4050 5559
535 1678 706 1775 IVLII
744 1675 1009 1774 FIRMICI
1050 1673 1351 1772 MATERNI

879 1883 1004 1949 LIBER

433 2057 493 2121 DE
528 2040 721 2120 ERRORE
756 2052 1098 2119 PROFANARVM
1129 2050 1449 2117 RELIGIONVM.

422 2297 466 2329 ss·
481 2260 560 2343 quod
581 2261 614 2324 in
635 2259 833 2325 fabricatione
847 2259 981 2324 hominis
996 2259 1109 2342 artifex
1127 2258 1235 2339 effecit,
1256 2261 1291 2320 ct
1306 2257 1400 2320 oeteo
1422 2257 1557 2326 dixi-ru.
1569 2285 1602 2327 ιι.
1667 2253 1671 2259 ’

381 2384 458 2441 mus,
475 2363 583 2428 annuis
599 2362 788 2444 perditorum
803 2362 1092 2427 commonitionibus
1104 2397 1138 2429 s*
1154 2360 1327 2442 specialiter
1342 2359 1503 2425 retexenda
1524 2360 1538 2414 1

381 2467 461 2531 sunt.
479 2466 517 2530 irc
532 2465 779 2547 testificationem
799 2465 945 2529 ueritatis
965 2463 1138 2528 manifestis
1160 2463 1329 2528 rationibus
1350 2463 1502 2543 exemplo-

380 2587 509 2651 rumque
524 2568 711 2633 testimoniis
726 2567 948 2633 diuinationem
964 2566 1162 2648 probabimus
1185 2585 1239 2647 per
1260 2565 1418 2629 diabolum
1436 2582 1501 2628 esse

347 2689 358 2727 ⁵
379 2671 537 2736 inuentam
553 2672 584 2736 et
599 2671 780 2752 perfectam,
803 2671 839 2734 ut
853 2689 907 2751 per
928 2669 985 2734 hoc
1001 2669 1128 2751 spiritus
1144 2667 1298 2732 maculata
1315 2667 1502 2751 cogitatione

379 2791 432 2854 spo
456 2773 556 2838 fluxae
585 2772 754 2850 felicitatis,
785 2790 927 2854 peruersa
957 2771 1138 2836 discretione
1158 2771 1345 2851 peruerteret
1374 2770 1501 2834 miseros

378 2875 516 2941 homines
531 2876 685 2957 perpetuis
711 2875 938 2940 calamitatibus
960 2874 1138 2955 implicitos.

421 2976 573 3056 Quattuor
587 2979 738 3044 elementa
760 2996 825 3042 esse
845 2977 994 3060 principia
1009 2977 1217 3042 creaturarum
1238 2994 1325 3041 acmo
1346 2976 1531 3044 inuenitura

379 3080 431 3161 qui
446 3080 577 3158 dubitet,
593 3081 626 3145 id
641 3081 688 3146 est
702 3082 821 3165 ignom,
837 3099 959 3162 aquam,
975 3087 1078 3145 ciram
1092 3084 1120 3143 et
1134 3082 1257 3145 terram.
1282 3079 1335 3145 sed
1350 3081 1424 3145 haec
1439 3079 1501 3144 elc-

346 3184 481 3250 icmenta
492 3183 613 3248 diuersa
628 3183 810 3248 anatoclia
820 3185 972 3263 potestate
984 3183 1143 3249 contraria.
1156 3184 1189 3247 in
1200 3200 1299 3247 errore
1310 3183 1382 3247 sunt
1396 3183 1505 3264 itaque

427 3421 520 3474 Primi
536 3422 726 3489 quaternionis
743 3436 800 3475 rcorr
816 3427 967 3489 superorat
989 3421 1022 3474 irc
1045 3420 1134 3475 codice
1158 3425 1223 3472 teste
1244 3419 1428 3473 Wilmamisio
1444 3419 1502 3473 reici

377 3512 508 3574 qwttaor
519 3507 590 3573 folia
606 3507 741 3560 interiora
758 3508 829 3574 (siae
845 3508 915 3573 folia
928 3507 1053 3574 pristino
1066 3506 1162 3573 3-6),
1177 3506 1300 3573 primam
1312 3511 1338 3558 et
1349 3504 1501 3559 secumdam

377 3597 403 3645 et
414 3593 456 3646 bic
467 3607 600 3654 conexum
610 3592 754 3660 septimum
766 3598 792 3646 et
803 3598 932 3647 octauum
943 3591 1160 3659 interciderumt;
1173 3592 1204 3644 iro
1210 3592 1306 3659 priore
1311 3592 1421 3660 pacina
1429 3592 1501 3659 folii,

377 3677 449 3746 qood
460 3695 538 3732 aare
550 3684 589 3731 est
597 3679 727 3746 primum,
740 3684 820 3732 cretus
831 3679 972 3746 scriptura
983 3694 1069 3732 mareu
1080 3677 1230 3731 recentiore
1237 3679 1343 3744 purtim
1355 3678 1410 3731 otio
1422 3684 1501 3731 atra·

376 3769 465 3817 meato
476 3763 674 3831 superinducto
692 3769 841 3830 reuocata,
860 3765 980 3832 partim,
998 3765 1047 3817 ubi
1067 3763 1138 3818 cibit
1157 3764 1214 3817 ium
1234 3770 1292 3818 tom
1312 3764 1365 3833 leci
1381 3770 1501 3832 poterut,

373 3849 459 3916 pherec
479 3864 555 3902 morea
576 3849 803 3916 supplicassem
827 3851 876 3903 lma
896 3850 1051 3917 scripturas
1071 3850 1164 3903 littero
1180 3866 1202 3917 p
1222 3849 1422 3917 iudicauimus,
1449 3866 1501 3918 per

377 3939 462 3987 totum
473 3940 565 3988 uatem
577 3935 677 3989 librum
688 3935 823 3988 cocubalo
835 3936 994 4003 liberasses,
1013 3951 1083 4003 quac
1095 3937 1126 3988 iro
1138 3935 1228 3989 codice
1245 3941 1295 3989 arat
1312 3937 1424 3990 ommino
1442 3937 1503 4002 fere

377 4025 553 4073 creauerunt
571 4026 625 4073 act
640 4022 698 4074 alio
714 4036 802 4074 umaro
819 4027 955 4075 renouato
972 4026 1054 4089 auat,
1073 4026 1104 4074 ut
1120 4021 1229 4075 incerta
1246 4021 1346 4074 titteris
1357 4021 1503 4076 inclinatis

376 4105 558 4173 exprimendo
576 4107 741 4160 circuimus.
811 4106 825 4162 1
846 4106 926 4175 quod]
944 4122 1011 4174 quae
1031 4108 1098 4161 corti.
1119 4107 1244 4160 Bursian
1267 4108 1279 4174 ll
1303 4106 1399 4160 artilex
1414 4107 1503 4161 effecit

376 4192 407 4242 ut
424 4192 503 4243 antea
516 4207 539 4258 p
557 4190 656 4258 (effecit
672 4193 700 4244 P
716 4207 773 4245 icore
789 4192 902 4245 reicietur
919 4193 1055 4260 measse)
1116 4193 1134 4247 2
1153 4192 1401 4245 commonitionibus
1422 4193 1501 4259 (com-

375 4291 450 4329 mone
460 4304 493 4325 ω
503 4278 541 4345 Ρ)
559 4292 590 4329 ao
607 4277 922 4331 excommunicationibus
941 4294 963 4345 p
986 4279 1125 4332 ueteribus
1147 4279 1246 4332 titteris
1264 4294 1380 4345 prorsus
1399 4278 1500 4344 deletis,

375 4360 422 4413 sect
433 4362 554 4429 spatium
565 4362 676 4415 breuius
687 4361 796 4416 medicat
813 4380 831 4415 a
842 4380 928 4416 mmm
943 4370 1035 4416 uetere
1052 4363 1131 4416 aliud
1149 4365 1281 4432 scriptum
1298 4364 1384 4430 fuisse
1436 4364 1454 4420 3
1472 4365 1501 4417 in

375 4445 593 4500 testificationem
605 4447 730 4500 ueritatis
739 4465 773 4515 p,
793 4448 822 4501 in
833 4449 1054 4502 iustificationum
1066 4467 1091 4503 u.
1105 4467 1123 4502 a
1180 4450 1197 4506 6
1216 4450 1283 4516 fiune
1299 4450 1326 4502 P
1336 4454 1368 4502 ct
1379 4449 1501 4514 uidetur,

375 4529 442 4584 fluxe
458 4549 493 4600 p,
513 4531 583 4584 fluxa
599 4532 694 4587 chler
746 4532 764 4589 8
783 4549 858 4587 nemo
871 4552 903 4587 a:
923 4551 970 4588 om.
985 4537 1019 4599 P,
1032 4551 1084 4588 non
1096 4535 1223 4590 Bursicm
1243 4537 1254 4603 ΙΙ
1275 4533 1410 4587 inuenitur
1423 4535 1499 4588 Bur·

375 4616 453 4670 ciero:
473 4617 590 4670 inueniri
602 4618 697 4686 Piceo
709 4619 733 4670 ri
745 4636 778 4672 m.
792 4621 835 4688 2),
857 4622 898 4673 est
915 4638 934 4674 a
990 4620 1008 4676 9
1028 4621 1088 4689 quis
1103 4637 1125 4688 p
1142 4621 1153 4688 ll
1170 4620 1199 4673 id
1217 4621 1410 4673 cst-terram
1428 4621 1501 4674 obelo

375 4703 484 4756 rwtarcit
505 4703 640 4758 Wowerus
663 4705 675 4771 ll
699 4720 787 4759 aorem
799 4707 827 4758 et
839 4722 874 4773 p‚·
895 4707 989 4760 malim
1001 4722 1096 4770 acrem,
1111 4708 1207 4759 terram
