4050 5559
561 724 650 780 XXVI

563 881 685 955 cunda
699 903 812 953 manu
831 879 1001 968 inlatam3
1019 877 1140 976 prima
1159 902 1291 950 manus
1305 876 1386 950 leue
1404 876 1542 952 uitium
1561 900 1689 950 auram

562 1000 655 1075 borso
677 1001 715 1100 (i
739 1025 767 1072 e.
790 997 899 1095 borso)
912 996 1021 1094 floris
1042 995 1164 1071 habet.
1189 995 1308 1068 Paulo
1332 1006 1420 1094 post
1439 995 1460 1094 ξ
1483 999 1506 1069 4
1528 993 1567 1068 in
1592 995 1688 1070 eodi-

563 1122 616 1194 cis
639 1120 825 1218 scriptura
850 1118 983 1193 leuiter
1007 1117 1213 1215 deprauata
1244 1112 1364 1214 ‘paieti
1396 1116 1473 1214 (qui
1504 1129 1536 1189 et
1572 1113 1687 1214 eod),

560 1239 724 1331 modesti,
765 1238 824 1313 clei
855 1237 970 1312 nostri
1003 1235 1208 1312 liberalitate
1242 1236 1360 1312 secari
1389 1260 1510 1334 spem
1539 1236 1689 1332 saturae

562 1359 737 1434 felicitatis
755 1356 830 1454 fide
849 1356 1050 1455 moereatis
1075 1357 1148 1430 eius
1169 1356 1360 1431 maiestatis
1378 1349 1588 1430 animamur’
1613 1379 1688 1431 non

562 1478 815 1551 dubitauirnus
833 1487 982 1550 acutam
997 1474 1219 1551 Vahlenii
1237 1476 1535 1550 emendationem
1545 1467 1689 1573 ‘spern..

562 1594 769 1672 amimamas’
793 1589 1021 1671 Dauisianae
1034 1587 1085 1668 ‘ia
1106 1620 1234 1693 spem..
1258 1587 1467 1671 animamar‘
1490 1597 1688 1692 praeferre.

561 1717 652 1816 quid
674 1727 796 1789 autern
819 1715 873 1786 illi
895 1716 1156 1814 cogitauerint,
1198 1716 1260 1811 qui
1283 1715 1409 1789 locum
1438 1716 1490 1789 sia
1512 1715 1687 1813 euulgare

560 1863 636 1911 non
659 1836 929 1909 dubitauerunt
960 1822 1034 1932 ‘qai
1057 1847 1088 1908 et
1113 1834 1292 1908 modesti..
1320 1859 1417 1933 spem
1433 1836 1584 1929 litturae
1601 1835 1687 1932 seli-

560 1957 709 2030 eitatis..
737 1948 959 2038 animamur’‚
1001 1979 1070 2029 nos
1099 1955 1241 2029 nescire
1264 1956 1426 2053 ingenue
1448 1956 1622 2031 fatemur.
1651 1966 1688 2030 et

560 2087 685 2150 tamen
720 2075 768 2150 ad
800 2076 1021 2149 sententiam
1056 2074 1258 2150 sanandam
1294 2101 1370 2150 non
1393 2101 1487 2174 opus
1510 2086 1591 2151 erat
1616 2076 1689 2151 nisi

561 2195 672 2272 unius
708 2196 850 2271 litterae
881 2194 1087 2268 adiectione
1122 2204 1159 2267 et
1189 2195 1340 2271 alterius
1363 2198 1687 2289 transmutatione,

560 2318 665 2391 ouius
688 2315 838 2412 quidem
862 2313 1075 2413 exemplum
1104 2314 1220 2386 simile
1254 2316 1412 2388 habetur
1449 2317 1487 2389 in
1524 2316 1688 2393 eiusdem

560 2437 691 2533 eapitis
713 2435 733 2536 ξ
754 2437 795 2527 6,
821 2435 889 2509 ubi
907 2434 1027 2511 codex
1049 2433 1250 2508 ioaidemar
1268 2460 1337 2532 pro
1354 2436 1552 2513 emae'rlemas
1569 2438 1688 2514 habet.

612 2555 803 2632 Peculiare
822 2555 960 2630 codicis
978 2556 1116 2630 uitium
1133 2554 1340 2629 notandum
1358 2568 1415 2630 est
1431 2559 1469 2631 in
1484 2583 1561 2657 cap.
1576 2561 1637 2648 40,
1655 2562 1687 2649 1,

562 2677 623 2748 ubi
645 2675 770 2750 neseio
793 2700 868 2772 quo
883 2699 972 2749 casu
995 2687 1062 2749 aut
1075 2675 1218 2750 librarii
1235 2676 1470 2774 neglegentia
1490 2679 1554 2751 illa
1571 2678 1689 2751 uerba

558 2787 692 2870 ‘eadem
706 2794 956 2893 tranquillitate
971 2822 1041 2894 poa
1054 2789 1229 2886 araimas’,
1246 2822 1341 2894 quae
1356 2799 1481 2871 iamin
1496 2824 1573 2896 cap.
1588 2800 1646 2884 38,
1663 2801 1687 2871 4

561 2922 774 3004 occurrunt,
802 2915 956 3012 repetita
978 2925 1074 2988 sunt.
1102 2917 1139 2989 in
1162 2917 1355 2990 manifesta
1376 2917 1458 2989 uitii
1481 2942 1593 2991 causa
1614 2919 1687 2991 iam

559 3030 755 3107 Vrsinus
774 3059 818 3107 ea
835 3059 883 3106 ex
900 3033 1018 3109 alieno
1035 3036 1118 3111 loco
1139 3038 1346 3135 expulerat,
1369 3036 1435 3113 sed
1453 3035 1511 3111 Fr.
1532 3032 1687 3110 Oehle·

559 3178 642 3227 rus
683 3153 832 3252 reliquis
868 3155 1097 3247 editoribuS,
1134 3158 1196 3254 qui
1235 3158 1311 3232 fare
1348 3180 1476 3229 omnes
1505 3153 1687 3230 Vrsinum

560 3277 676 3349 secuti
695 3285 793 3368 sunt,
809 3277 1009 3374 sapientior
1032 3277 1104 3350 sibi
1126 3278 1232 3353 uisus
1256 3277 1466 3350 coniectura
1492 3301 1567 3372 qua
1587 3275 1689 3351 haud

559 3397 633 3470 seio
657 3421 704 3470 an
722 3397 821 3471 nulla
848 3398 1008 3495 ineptior
1035 3397 1241 3494 excogitari
1262 3396 1423 3494 potuerit
1444 3404 1498 3471 ‘ea
1524 3398 1566 3471 ele
1587 3408 1686 3470 trare·

559 3514 726 3613 paillitate
752 3541 857 3613 quam
878 3504 1043 3590 m'demas'
1071 3514 1194 3588 locum
1217 3516 1428 3589 sollicitauit
1454 3516 1686 3590 sententiam·

559 3657 631 3729 que
654 3658 760 3707 suam
783 3633 952 3734 Kaysero
974 3634 1159 3733 probauit

610 3750 729 3825 Paulo
752 3764 836 3850 post
859 3780 887 3826 o.
906 3757 968 3844 40,
992 3759 1008 3826 l
1034 3754 1223 3827 leuissimo
1246 3753 1381 3827 codicis
1405 3754 1498 3829 uitio
1521 3764 1600 3827 tota
1617 3753 1687 3832 loci

559 3874 741 3945 sententia
764 3873 965 3949 obscurata
986 3886 1066 3948 erat
1088 3875 1127 3947 in
1149 3875 1206 3947 his
1228 3876 1370 3949 uerbis:
1409 3872 1582 3951 Caecilius
1608 3899 1686 3947 era·

553 3991 631 4091 pit.-
656 3989 735 4089 qu
767 3991 914 4068 Octauio
936 4019 1013 4068 meo
1033 3994 1230 4094 plurimam
1252 4007 1439 4094 maritam,
1465 3996 1526 4071 secl
1547 4007 1579 4068 et
1599 3992 1690 4069 mila

555 4112 718 4210 pratalor
742 4136 807 4184 aee
842 4125 982 4210 eapeeto
1017 4114 1229 4188 seutentiam.
1273 4115 1424 4189 m'oirrras
1458 4126 1489 4188 et
1519 4113 1571 4187 ito
1603 4113 1688 4211 †ttt

556 4228 714 4329 improbe
740 4256 874 4330 murpo
900 4233 1099 4309 uictoriam.
1125 4260 1211 4311 mom
1238 4248 1276 4309 at
1300 4235 1358 4309 ille
1390 4236 1461 4309 mei
1484 4234 1600 4309 uiator
1626 4245 1685 4324 est,

556 4351 609 4426 ita
635 4375 697 4448 epo
724 4349 961 4450 tm‘ompltator
986 4355 1126 4430 errom's.
1165 4356 1321 4454 longum
1343 4365 1400 4428 ost
1421 4358 1561 4429 referre
1594 4354 1686 4451 quid

445 4524 447 4528 -
557 4473 703 4571 priores
726 4474 1035 4573 excogitauerint,
1059 4485 1103 4548 ut
1120 4476 1299 4551 mendum
1317 4477 1356 4551 in
1376 4476 1438 4550 illo
1453 4472 1504 4550 ‘ot
1521 4469 1684 4574 improbe'

558 4593 766 4666 auferrent:
807 4619 883 4667 non
918 4593 1091 4669 uiderunt
1118 4610 1157 4672 at
1179 4622 1225 4670 ex
1249 4598 1307 4670 ael
1327 4603 1454 4671 ortum
1477 4621 1571 4686 asse,
1614 4621 1687 4693 qua
