4050 5559
926 725 997 794 Cap.
1018 724 1114 781 8--11.
1531 723 1571 786 91

450 884 476 948 si
492 884 598 961 homo,
615 901 670 946 our
684 900 754 945 cum
770 882 923 963 superiore
938 881 1096 945 certabat?
1111 878 1165 942 sed
1180 880 1211 943 et
1222 877 1319 942 alium
1331 877 1422 943 audio
1434 897 1504 942 cum
1510 877 1605 941 Ver

448 1006 520 1052 nere
536 985 696 1069 coniugale
711 985 853 1049 habuisse
868 983 1070 1048 consortium:
1086 982 1252 1059 Vulcanus,
1273 981 1333 1045 nisi
1348 980 1454 1059 fallor,
1471 981 1509 1046 ab
1524 980 1573 1044 bis

449 1090 576 1154 deorum
598 1088 766 1153 cultoribus
788 1088 920 1152 maritus
936 1086 1063 1151 Veneris
1092 1103 1156 1149 esse
1176 1085 1362 1166 perhibetur.
1387 1102 1403 1147 o
1424 1101 1574 1148 uanorum

448 1194 610 1257 hominum
625 1191 752 1256 ridenda
768 1190 937 1274 persuasio!
953 1190 1034 1254 inter
1045 1188 1120 1252 duos
1131 1187 1259 1252 maritos
1271 1187 1392 1251 adulter
1403 1187 1522 1270 positus
1534 1187 1573 1251 ab

410 1313 422 1351 ⁵
447 1314 507 1361 uno
523 1295 658 1376 capitur,
686 1294 817 1359 altemm
833 1293 938 1357 uincit.
964 1293 1017 1357 sed
1032 1292 1120 1356 uide:
1147 1291 1182 1355 ut
1197 1291 1319 1355 adulter
1333 1291 1408 1355 deus
1423 1290 1573 1355 maritum

446 1398 600 1475 uinceret,
623 1396 704 1478 quod
718 1396 779 1459 sibi
794 1414 902 1476 corpus
917 1395 1027 1478 elegit!
1049 1411 1158 1475 porcus
1173 1411 1238 1457 esse
1252 1393 1381 1457 maluit:
1406 1393 1458 1475 qui
1473 1392 1498 1458 si
1514 1394 1571 1459 ha·

446 1501 540 1565 bebat
554 1500 697 1564 mutandi
712 1499 845 1582 corporis
860 1500 1059 1581 potestatem,
1082 1498 1178 1563 leonis
1195 1497 1301 1562 debuit
1315 1498 1418 1580 potius
1438 1498 1571 1579 speciem

444 1603 638 1684 formamque
652 1603 814 1684 suscipere.
836 1605 840 1684 Ι
860 1602 913 1666 sed
927 1602 1046 1666 leonem
1061 1600 1167 1665 dicunt
1182 1601 1235 1682 qui
1249 1602 1375 1665 naturas
1387 1600 1569 1665 animalium
1578 1622 1617 1662 ror
1636 1624 1686 1668 roa

445 1709 560 1772 norunt
573 1709 606 1772 in
620 1707 678 1771 illa
693 1707 823 1790 agrestis
838 1707 934 1770 animi
948 1705 1070 1769 feritate
1085 1705 1250 1787 pudicitiae
1273 1723 1392 1769 seruare
1407 1704 1568 1769 uirtutem.

411 1840 436 1878 10
446 1812 557 1876 merito
573 1811 611 1877 ab
627 1811 766 1876 adultero
781 1810 878 1875 leonis
899 1811 1054 1893 spernitur
1073 1810 1172 1874 forma
1192 1810 1222 1874 et
1244 1809 1402 1874 libidinosi
1427 1809 1572 1874 animalis

447 1915 583 1998 eligitur.
1113 1994 1115 1999 ι
1389 1962 1395 1979 s

489 2019 551 2082 Hie
565 2018 629 2082 iam
645 2016 837 2100 euangelicae
851 2015 1025 2080 traditionis
1046 2017 1162 2080 secreta
1181 2016 1358 2080 tractemus
1383 2015 1478 2080 eiecto
1499 2016 1602 2080 dae-3

446 2121 548 2184 monio
570 2120 711 2183 dominus
732 2137 892 2200 porcorum
912 2138 1038 2203 gregem
1053 2119 1163 2197 donat,
1185 2119 1418 2183 necimmerito:
1442 2119 1479 2183 ut
1501 2137 1570 2183 oum

445 2223 619 2287 libidinosis
644 2222 829 2287 animalibus
855 2222 1010 2304 perdura
1036 2222 1218 2305 praecipitia
1243 2221 1414 2303 fluctusque
1440 2223 1571 2287 iactatus

409 2350 435 2388 15
446 2346 499 2408 per
519 2328 633 2390 mortes
653 2343 813 2407 porcorum
834 2325 936 2389 uarias
957 2325 1051 2408 digna
1070 2343 1143 2389 neco
1163 2324 1328 2388 inmundus
1354 2325 1481 2407 spiritus
1504 2344 1570 2389 car-

445 2430 578 2509 peretur.
606 2429 696 2493 audio
712 2427 856 2510 Cinyram
877 2427 1023 2511 Cyprium
1043 2427 1197 2510 templum
1212 2427 1330 2492 amicae
1344 2428 1499 2492 meretrici
1514 2430 1569 2493 do·
1587 2428 1628 2490 lo

444 2549 586 2595 nasse-
599 2532 626 2594 ei
649 2532 715 2595 erat
730 2530 834 2595 Venus
848 2547 959 2595 nomen
971 2567 1023 2608 -‚
1040 2530 1179 2594 initiasse
1200 2530 1294 2593 etiam
1315 2528 1443 2613 Cypriae
1458 2531 1569 2596 Veneri

444 2634 594 2715 plurimos
616 2634 647 2697 et
666 2632 754 2696 uanis
774 2633 1049 2697 consecrationibus
1065 2633 1242 2714 deputasse,
1266 2632 1411 2697 statuisse
1427 2633 1520 2697 etiarn
1535 2634 1571 2697 ut

445 2737 630 2818 quicumque
644 2736 762 2800 initiari
777 2736 871 2799 uellet
886 2735 1000 2800 secreto
1011 2736 1139 2800 Veneris
1155 2735 1216 2801 sibi
1230 2736 1345 2801 tradito
1362 2753 1461 2800 assem
1473 2754 1571 2799 unum

410 2854 436 2893 20
444 2839 592 2903 mercedis
603 2839 725 2902 nomine
737 2839 809 2903 deae
824 2838 919 2902 daret.
937 2839 1017 2920 quod
1032 2840 1183 2903 secretum
1199 2840 1289 2921 quale
1304 2839 1346 2904 sit
1361 2856 1466 2903 omnes
1482 2839 1568 2903 tacit'

443 2942 623 3024 intellegere
638 2942 798 3020 debemus,
815 2942 887 3023 quia
901 2943 958 3005 boe
971 2943 1075 3024 ipsum
1089 2944 1214 3025 propter
1229 2942 1453 3026 turpitudinem
1468 2942 1572 3007 mani·

444 3044 552 3109 festius
568 3046 719 3126 explicare
733 3063 793 3109 non
807 3062 980 3127 possumus.
1004 3045 1079 3110 bene
1099 3048 1219 3111 amator
1239 3045 1365 3130 Cinyras
1387 3045 1573 3111 meretriciis
1662 3031 1664 3035 ¹

442 3148 565 3230 legibus
593 3148 716 3211 seruiit:
745 3148 936 3212 consecratae
951 3148 1064 3213 Veneri
1091 3168 1109 3213 a
1134 3148 1341 3217 sacerdotibus
1367 3150 1431 3213 suis
1458 3150 1570 3230 stipem

443 3250 511 3314 dari
525 3250 617 3313 iussit
631 3252 667 3314 ut
682 3252 789 3315 scorto.
814 3250 975 3315 Sebaaium
990 3251 1122 3316 colentes
1137 3252 1243 3315 Iouem
1258 3271 1390 3334 anguem
1398 3301 1409 3330 ‚1
1421 3271 1492 3316 oum
1507 3251 1570 3315 ini-

408 3375 433 3416 11
442 3352 538 3430 tiant‚
563 3372 617 3434 per
631 3353 733 3416 sinum
750 3354 880 3418 ducunt:
904 3354 1003 3418 adhuc
1017 3354 1110 3435 primi
1125 3354 1233 3418 erroris
1248 3354 1327 3418 uitia
1342 3356 1522 3437 grassantur
1537 3355 1569 3417 et

443 3455 589 3537 quicquid
600 3455 738 3520 homines
749 3455 885 3538 perdidit
897 3457 1009 3521 colitur
1024 3459 1055 3521 et
1070 3455 1183 3521 fumesti
1198 3456 1307 3540 anguis
1323 3456 1433 3520 callida
1448 3474 1484 3519 ac
1498 3475 1567 3520 ma·

441 3557 546 3621 litiosa
560 3558 725 3622 crudelitas
740 3558 891 3624 adoratur.
915 3561 948 3624 in
969 3560 1063 3624 sacris
1079 3558 1285 3642 Corybantum
1299 3559 1499 3642 parricidium
1514 3577 1565 3624 oo·
1582 3556 1619 3618 11

442 3660 533 3724 litur:
549 3679 622 3725 nam
636 3679 716 3724 unus
731 3660 825 3725 frater
840 3680 858 3725 a
872 3663 991 3726 duobus
1006 3663 1210 3744 interemptus
1226 3664 1274 3727 est
1289 3663 1320 3727 et
1334 3682 1372 3728 ne
1387 3662 1468 3745 quod
1481 3663 1565 3726 indi·
1654 3737 1656 3744 Ι

442 3763 524 3827 oium
539 3782 644 3827 neoem
658 3763 811 3829 fraternae
825 3766 935 3830 mortis
950 3766 1090 3846 aperiret,
1107 3767 1164 3830 sub
1175 3765 1329 3830 radicibus
1341 3765 1465 3850 Olympi
1476 3785 1566 3831 mon-

406 3891 432 3931 1ο
440 3864 482 3927 tis
505 3884 523 3928 a
543 3866 704 3947 parricidis
726 3867 873 3932 fratribus
897 3869 1097 3933 consecratur.
1120 3869 1202 3932 hunc
1216 3869 1346 3934 eundern
1361 3869 1567 3935 Macedonum

441 3967 515 4031 colit
530 3969 627 4033 stulta
641 3971 812 4051 persuasio:
827 3971 878 4043 hic
893 3972 939 4035 est
954 3970 1092 4051 Cabirus,
1108 3973 1157 4036 oui
1169 3972 1452 4037 Thessalonicenses
1467 3990 1565 4055 quon-

493 4171 631 4226 laliudc
677 4171 858 4228 8lconumP
903 4173 936 4226 13
952 4190 1033 4243 grege
1046 4175 1074 4228 P
1120 4174 1156 4232 18
1174 4175 1251 4228 nauis
1264 4194 1282 4229 o
1329 4176 1365 4233 19
1384 4193 1563 4232 assemanum

444 4256 596 4312 Woooeras:
610 4264 761 4311 assemani
774 4259 823 4327 (sio
831 4261 927 4326 potius
938 4276 1021 4328 paam
1032 4262 1124 4331 mand)
1135 4262 1171 4330 P,
1185 4278 1250 4326 asse,
1264 4278 1372 4316 manum
1384 4280 1402 4315 a
1453 4264 1489 4320 23
1508 4282 1566 4318 scr·

439 4342 482 4395 nit
500 4344 565 4408 Po„
577 4361 624 4398 em.
638 4345 765 4399 Bursian
828 4345 867 4400 24
884 4345 996 4399 initiant
1014 4347 1053 4399 P:
1072 4346 1216 4400 initiantur
1228 4365 1258 4412 a,
1277 4348 1352 4403 baad
1363 4349 1418 4402 ocio
1431 4366 1470 4402 aa
1481 4357 1565 4416 recte,

438 4429 474 4494 cf.
494 4430 572 4484 Clem.
591 4421 670 4483 Alea.
689 4430 827 4498 Protropi.
846 4446 866 4484 c.
881 4434 915 4485 2.-
930 4435 1066 4500 Σεβαζίου
1084 4434 1154 4502 γοῦν
1169 4439 1331 4504 μυστηρίων
1343 4429 1486 4504 σύμβολον
1503 4442 1567 4497 τοῖς

438 4516 635 4585 μυουμένοιςὸ
652 4516 698 4569 διὰ
717 4513 828 4571 κόλπων
844 4514 918 4578 θεός·
937 4515 1047 4589 δράκων
1068 4520 1102 4573 δέ
1120 4521 1195 4573 ἐστιν
1216 4509 1296 4580 οὗτος
1317 4517 1492 4591 διελκόμενος
1512 4525 1564 4575 τοῦ
1671 4575 1674 4579 .

437 4596 542 4654 κόλπου
554 4604 609 4656 τῶν
620 4606 793 4673 τελουμένων
839 4603 877 4660 26
895 4605 1059 4658 hominemo
1105 4604 1144 4662 30
1161 4606 1312 4674 parricidiis
1325 4608 1352 4660 P
1397 4607 1566 4678 31gabi1·us

437 4687 495 4755 Po,
515 4706 562 4742 coa
580 4691 720 4744 Woweroc
821 4733 823 4737 Α
