4050 5559
1387 657 1480 709 XXIII

347 827 454 889 tura:
494 816 568 890 nisi
595 816 693 912 sorte
733 816 833 912 opud
870 815 953 888 istos
985 814 1103 888 nruior
1130 815 1272 888 castitas
1298 813 1480 910 uirqinurn

351 949 415 1012 aut
440 935 565 1033 reliqio
592 935 750 1010 sanctior
790 937 1010 1008 sacerdotum
1022 991 1031 1026 ,
1061 960 1141 1008 curn
1160 959 1277 1032 poene
1303 934 1343 1007 iu
1362 932 1481 1032 pluri·

349 1054 414 1130 lus
440 1053 641 1153 uiryiru'bus
667 1067 711 1129 et
737 1079 848 1152 quoe
874 1055 1106 1128 inconsultius
1138 1079 1172 1128 se
1206 1054 1296 1127 uires
1320 1053 1481 1127 miscuis-

350 1188 465 1250 sent..
489 1175 534 1249 sit
555 1175 726 1248 incestum
749 1175 982 1248 uindicatum.
1005 1175 1065 1248 hic
1087 1175 1307 1272 particulam
1330 1186 1361 1247 et
1382 1175 1481 1271 inep-

349 1307 535 1370 tamesae
562 1296 706 1368 dudum
731 1295 958 1369 intellectum
986 1304 1060 1385 est,
1097 1293 1161 1366 sed
1184 1295 1215 1366 ei
1242 1293 1341 1390 quod
1363 1294 1479 1391 uulgo

349 1441 399 1488 ex
421 1414 593 1489 Vrsini
630 1417 839 1488 coniectura
879 1415 1140 1488 circumfertur
1165 1407 1216 1486 ‘ut
1242 1417 1340 1511 quue'
1363 1411 1480 1485 Vah·

349 1536 473 1608 lenii
500 1534 793 1608 emendationem
820 1531 880 1608 ‘set
902 1535 997 1632 quoc'
1027 1533 1217 1631 praeferre
1239 1558 1313 1605 non
1337 1532 1479 1605 dubita·

350 1657 485 1727 uimus.
528 1651 666 1728 Similis
694 1665 750 1727 est
777 1678 889 1726 causa
915 1654 988 1726 loci
1014 1678 1042 1725 c.
1072 1655 1132 1744 37,
1162 1656 1195 1744 9,
1224 1653 1289 1750 qui
1316 1653 1369 1724 sic
1395 1653 1478 1724 uul-

349 1777 428 1872 gari
449 1776 563 1848 solet:
585 1800 648 1848 ren
670 1774 726 1848 es?
752 1787 783 1848 et
804 1787 877 1847 turn
900 1773 998 1846 times
1020 1798 1125 1870 quum
1147 1771 1291 1863 timeris,
1314 1771 1480 1868 neglecta

349 1896 544 1967 uerissima
582 1893 788 1992 Rigaltii
829 1892 1083 1966 emendatione
1121 1885 1194 1966 treu
1229 1892 1285 1966 est
1320 1893 1381 1965 sed
1407 1904 1479 1965 torn

348 2005 468 2105 times’,
515 2040 627 2111 quam
667 2014 909 2086 necessariam
951 2037 1030 2084 esse
1070 2013 1251 2084 sententia
1296 2013 1480 2084 contraria

349 2136 553 2208 euincitur:
581 2133 679 2207 diues
706 2133 762 2207 es?
788 2135 849 2206 sed
864 2133 1039 2229 fortunae
1065 2133 1156 2205 mule
1184 2132 1346 2204 creditur.
1376 2157 1477 2204 nuno

349 2255 503 2327 accessit
530 2251 667 2326 codicis
692 2255 810 2351 ipsius
837 2253 1109 2341 testimonium,
1151 2252 1190 2322 in
1219 2276 1292 2346 quo
1324 2251 1417 2324 illud
1445 2277 1479 2325 es

349 2380 381 2448 e‘t
407 2373 572 2447 secunda
598 2399 711 2445 manu
739 2383 946 2446 correctum
975 2383 1049 2456 est,
1087 2373 1319 2468 cumprime
1346 2372 1478 2444 habeat

349 2493 745 2584 mammam

401 2610 966 2710 contemnemdum
1005 2624 1036 2685 et
1076 2610 1197 2708 cupito
1232 2634 1421 2683 ueruecunr
1448 2622 1479 2683 et

349 2733 541 2807 eminolutis
568 2746 599 2807 ct
626 2733 760 2822 colitis,
789 2735 831 2806 de
859 2757 967 2830 capro
996 2730 1102 2805 etiarn
1129 2743 1160 2803 et
1186 2728 1325 2802 lorraine
1351 2729 1478 2802 miutos

347 2856 431 2928 deos
472 2866 503 2926 et
529 2855 668 2926 leonum
695 2866 726 2927 et
753 2878 883 2926 cunum
922 2854 1041 2925 uultus
1075 2854 1156 2925 deos
1191 2850 1369 2923 dedicatis.
1414 2849 1477 2922 Mi-

347 2975 501 3045 nucium
526 2973 645 3044 dicere
681 2999 754 3044 non
796 2974 960 3069 potuisse
987 2971 1155 3044 ethnicos
1181 2970 1331 3042 leonum
1360 2981 1395 3041 et
1422 2996 1477 3042 ca-

346 3119 440 3167 num
467 3095 598 3165 uultus
626 3105 669 3164 ut
697 3094 783 3166 deos
812 3091 997 3164 dedicasse
1033 3093 1107 3163 iam
1135 3088 1347 3164 Gelenius
1372 3089 1476 3175 uidit,

347 3213 415 3286 sed
443 3216 521 3286 eius
547 3215 631 3286 loco
660 3214 761 3312 quod
789 3216 849 3285 ille
878 3213 1041 3285 correxit
1066 3213 1168 3284 uultu
1203 3219 1393 3307 praestare
1423 3211 1476 3281 ui-

347 3358 434 3406 sum
462 3343 518 3405 est
545 3332 699 3407 uultibus
726 3334 941 3423 emendare,
977 3333 999 3404 i.
1024 3357 1052 3404 e.
1082 3332 1169 3405 deos
1206 3331 1383 3404 dedicatis
1411 3330 1478 3426 qui

347 3455 503 3526 leonum
531 3464 597 3525 aut
624 3480 759 3525 canum
788 3457 914 3525 uultus
941 3477 1031 3549 prae
1067 3477 1105 3523 se
1137 3454 1278 3540 ferunt3
1319 3451 1362 3521 cf.
1388 3447 1477 3521 Ter-

347 3572 430 3647 tull.
458 3574 566 3670 Apol.
605 3601 632 3646 c.
667 3578 732 3646 16:
771 3577 831 3646 sed
862 3573 917 3646 illi
951 3571 1142 3645 debuerant
1182 3572 1335 3644 odorare
1360 3569 1477 3643 stutiru

349 3692 498 3790 biforme
523 3721 669 3785 numen,
697 3696 782 3792 quio
809 3708 840 3768 et
867 3694 996 3767 canino
1026 3706 1056 3766 et
1082 3693 1220 3767 leonino
1249 3691 1362 3790 cupite
1385 3716 1476 3764 corn-

347 3814 502 3886 nu'stos..
544 3817 625 3889 deos
664 3828 876 3912 receperunt.
911 3814 1150 3887 Contrarium
1192 3814 1324 3885 uitium
1360 3812 1477 3885 codex

348 3933 461 4006 habet
487 3959 521 4031 p.
547 3937 606 4024 23,
631 3939 672 4025 2,
718 3936 782 4007 ubi
827 3937 1009 4031 scriptura
1049 3931 1203 4008 sensibus
1241 3935 1313 4006 iam
1354 3935 1392 4005 in
1421 3933 1475 4006 ed.

348 4054 517 4150 principe
551 4054 590 4125 in
629 4080 748 4127 sensus
788 4065 953 4128 correcta
980 4064 1044 4126 est.
1073 4055 1189 4127 haesit
1215 4054 1313 4127 idem
1341 4055 1476 4126 uitium

348 4172 470 4245 adhuc
510 4174 548 4244 in
590 4174 767 4270 exemplis
807 4176 969 4272 uulgatis
1012 4168 1124 4264 οζ27,
1152 4179 1192 4264 1,
1236 4175 1300 4248 ubi
1342 4174 1476 4247 codicis

349 4294 535 4390 scriptura
557 4287 655 4367 ‘durn
680 4294 901 4392 inspirantur
924 4296 987 4390 (sc.
1011 4295 1225 4390 daemones>
1248 4294 1387 4368 interim
1414 4322 1474 4368 uu-

349 4405 445 4485 tilus'
474 4395 569 4485 hanc
607 4416 828 4486 sententiam
862 4415 997 4488 habere
1031 4416 1283 4487 existimatur:
1324 4413 1427 4488 ‘dum
1456 4442 1476 4487 a

350 4531 593 4606 daemonibus
621 4545 724 4607 uates
752 4528 1003 4633 inspirantur',
1050 4538 1156 4633 quasi
1196 4539 1313 4609 ullum
1355 4563 1475 4609 exem·
