4050 5559
869 618 941 688 cap.
961 619 1006 675 28·
1417 623 1483 687 125·

357 775 568 840 timueritis
591 763 677 853 eos‘‚
707 778 738 840 et
761 778 797 841 ut
822 776 1016 840 sacerdotum
1042 794 1147 840 eorum
1173 776 1322 842 miserum
1348 777 1479 842 dedecus

336 878 519 961 monstret,
542 877 644 941 addit:
678 869 727 942 ‘in
749 878 924 942 domibus
947 896 1075 943 eorum
1101 879 1322 944 sacerdotes
1345 880 1479 945 sedent

353 980 541 1045 habentes
563 980 716 1045 tunicas
738 981 878 1046 scissas
907 984 944 1045 ct
972 982 1102 1064 capita
1124 985 1161 1046 et
1183 981 1321 1047 barbas
1349 1001 1477 1059 rasae,

352 1101 511 1167 quorum
533 1084 660 1165 capita
681 1085 780 1149 nuda
801 1086 906 1150 sunt:
929 1085 1093 1169 rugiunt
1115 1089 1243 1151 autem
1266 1086 1478 1150 clamantes

321 1188 484 1252 :contra
499 1186 588 1256 deos
603 1205 690 1253 suos
705 1187 811 1253 sicut
833 1188 869 1253 in
893 1189 1065 1273 gehenna
1085 1177 1252 1253 mortui'
1275 1190 1357 1271 quod
1372 1192 1514 1253 autema
1585 1250 1590 1263 Ι

351 1292 382 1355 et
397 1309 485 1374 reges
501 1291 532 1355 et
546 1290 654 1374 gentes
668 1291 744 1355 haec
758 1291 796 1355 de
810 1291 885 1373 ipsis
900 1291 1130 1374 pronuntiaturi
1145 1293 1236 1369 sunt,
1259 1292 1286 1356 is
1307 1292 1390 1357 idem
1406 1309 1477 1374 pro-

348 1393 445 1476 phcta
458 1412 607 1477 praesaga
621 1411 695 1458 uoce
710 1393 874 1478 significat,
890 1395 935 1458 ait
950 1395 1046 1459 enim:
1061 1387 1222 1460 ‘scietur
1237 1396 1372 1477 postea
1387 1394 1478 1475 quia

349 1495 455 1561 falsa
476 1497 566 1561 sunt
587 1497 769 1581 gentibus
791 1497 992 1562 uniuersis
1021 1498 1057 1562 et
1084 1498 1257 1582 regibus,
1292 1497 1382 1579 quia
1403 1515 1476 1560 ma-

349 1599 540 1665 nifestum
565 1603 624 1665 est
647 1601 736 1683 quia
756 1601 1003 1665 nonsuntdii
1019 1601 1402 1683 etnullumdeiopus
1418 1601 1477 1664 est

315 1705 393 1770 rein
414 1704 527 1786 ipsis:
551 1722 677 1788 regem
700 1703 852 1788 regioni
874 1723 944 1768 non
966 1704 1218 1769 suscitabunt
1241 1722 1364 1785 neque
1392 1703 1479 1785 plu·

348 1808 453 1872 uiam
475 1806 700 1871 hominibus
723 1807 884 1882 dabunt:
915 1806 1109 1871 iudicium
1132 1825 1284 1889 quoque
1306 1824 1377 1871 non
1400 1805 1477 1868 dis·

349 1910 508 1975 cernent
529 1928 649 1993 neque
671 1910 869 1994 regionem
891 1910 1119 1974 liberabunt
1141 1910 1184 1973 ab
1207 1908 1365 1990 iniuria,
1389 1908 1478 1990 quia

348 2013 456 2078 nihil
478 2015 658 2095 possunt:
682 2015 721 2077 et
743 2031 824 2077 cum
846 2013 1039 2078 inciderit
1060 2013 1097 2078 in
1113 2012 1220 2078 domo
1236 2012 1483 2094 deornmlig·

348 2135 509 2182 neorum
539 2117 575 2180 et
606 2117 875 2181 inauratorum
907 2119 944 2181 ct
980 2117 1321 2201 inargentatorum
1354 2115 1478 2200 ignis,

316 2219 578 2286 :scacerdotes
600 2219 762 2284 illorum
784 2219 1073 2298 liberabuntur,
1111 2218 1189 2301 ipsi
1212 2220 1342 2284 autem
1370 2220 1485 2285 siout-

350 2323 482 2390 trabes
503 2324 543 2387 in
564 2323 690 2388 medio
712 2322 999 2401 comburentur,
1038 2322 1122 2405 regi
1154 2322 1282 2386 autem
1309 2323 1347 2386 et
1374 2322 1478 2386 bello

349 2443 421 2492 non
444 2426 646 2505 resistent.
682 2425 864 2506 quomodo
887 2425 1191 2490 existimandum
1220 2426 1277 2489 est
1299 2425 1360 2489 uel
1383 2425 1483 2489 reci-v

350 2530 533 2612 piendum
554 2528 647 2610 quia
670 2529 759 2592 sunt
780 2528 859 2593 dii?
881 2548 1003 2611 neque
1025 2549 1044 2593 a
1066 2527 1218 2591 furibus
1240 2547 1361 2609 neque
1383 2546 1401 2591 a
1422 2528 1477 2591 la·

350 2631 529 2697 tronibus
552 2650 591 2696 sc
612 2631 839 2696 liberabunt
862 2630 916 2695 dii
938 2631 1064 2715 lignei
1086 2633 1122 2694 et
1157 2632 1286 2696 aurati
1315 2633 1351 2695 et
1377 2631 1477 2695 inar-

322 2734 524 2820 agentati‚
547 2734 692 2816 quibus
714 2734 754 2798 hi
776 2734 841 2816 qui
863 2733 985 2798 fortes
1013 2735 1103 2799 sunt
1133 2754 1265 2799 aurum
1288 2735 1324 2799 et
1346 2753 1477 2818 argen-

351 2837 431 2902 tum
454 2855 525 2919 quo
548 2837 679 2919 operti
702 2839 790 2902 sunt
812 2836 994 2901 auferunt
1017 2829 1125 2903 illis’
1159 2838 1290 2916 Tollite,
1313 2838 1413 2901 tollite
1429 2852 1510 2904 set

352 2941 428 3030 curi,v
451 2939 655 3006 sacratissimi
670 2940 879 3021 imperatores,
903 2942 1082 3006 ornamenta
1095 2942 1298 3023 templorum:
1315 2941 1385 3005 deos
1400 2941 1478 3005 istos

353 3044 406 3109 aut
421 3045 563 3109 monetae
578 3043 662 3127 ignis
678 3045 733 3108 aut
747 3044 946 3108 metallorum
962 3046 1074 3126 coquat
1088 3044 1228 3122 flamma,
1263 3044 1388 3109 donaria
1408 3044 1478 3108 uni-

350 3165 440 3212 uersa
455 3146 495 3212 ad
510 3145 681 3210 utilitatem
693 3148 830 3211 uestram
842 3146 1073 3228 dominiumque
1085 3147 1257 3211 transferte.
1282 3150 1351 3229 post
1361 3147 1479 3211 excidia

322 3250 540 3333 :stemplorum
555 3249 588 3312 in
610 3249 712 3313 maius
734 3249 792 3313 Dei
818 3249 893 3313 estis
919 3249 1037 3314 :uirtute
1051 3250 1203 3332 prouecti:
1226 3249 1347 3313 uicistis
1361 3250 1476 3327 hostes,

349 3351 547 3437 propagastis
561 3351 727 3434 imperium
742 3354 788 3430 et,
805 3353 840 3416 ut
854 3352 1025 3417 uirtutibus
1040 3353 1152 3417 uestris
1166 3352 1265 3434 gloria
1279 3352 1376 3415 maior
1390 3369 1476 3416 acce-

351 3455 452 3534 deret,
476 3456 597 3519 mutato
613 3475 648 3520 ao
664 3457 839 3536 contempto
856 3455 1031 3538 temporum
1052 3456 1155 3519 ordine
1181 3455 1298 3532 hieme,
1322 3455 1402 3536 quod
1421 3473 1477 3518 nec

350 3558 470 3624 factum
486 3561 533 3622 est
548 3558 712 3640 aliquando
732 3558 736 3640 Ι
755 3576 810 3622 nec
824 3558 888 3635 fiet,
904 3559 1058 3623 tumentes
1073 3577 1108 3622 ae
1123 3558 1292 3622 saeuientes
1304 3557 1402 3622 undas
1414 3557 1533 3622 cal-'nor
1542 3579 1601 3624 soa.

351 3661 447 3726 castis
462 3659 592 3726 Oceani:
611 3662 672 3726 'snb
688 3662 781 3726 remis
797 3661 910 3725 uestris
925 3660 1075 3745 incogniti
1090 3661 1154 3725 iam
1170 3661 1257 3726 nobis
1272 3680 1368 3744 paene
1381 3661 1477 3726 maris

316 3764 433 3830 :cunda
447 3764 633 3829 contemnit
654 3766 686 3829 ct
705 3763 894 3845 insperatam
910 3763 1102 3844 imperatoris
1117 3763 1228 3828 faciem
1242 3763 1409 3831 Britannus
1425 3784 1477 3829 ex·

349 3866 448 3948 pauit.
472 3867 547 3948 quid
562 3867 696 3950 amplius
711 3866 830 3932 uultis?
845 3867 1016 3931 uirtutibus
1032 3867 1142 3930 uestris
1156 3867 1239 3931 uicta
1250 3867 1401 3933 elementa
1413 3887 1478 3933 oes-

349 3970 466 4035 serrmt.
490 3969 571 4051 quod
586 3972 689 4035 autem
705 3971 788 4034 Deus
802 3970 910 4035 iubeat
924 3969 1007 4034 idola
1022 3989 1083 4035 non
1098 3969 1164 4035 fieri
1180 3971 1388 4036 sacrosanctae
1400 3971 1506 4054 legis?

453 4156 472 4212 2
491 4172 530 4224 cp.
544 4156 618 4210 Hier.
632 4156 671 4212 30
683 4171 721 4225 sq.
776 4157 792 4212 7
811 4156 846 4209 ib.
861 4156 981 4215 50—57.

404 4326 505 4396 9opus
518 4328 585 4382 sita
639 4327 677 4385 10
694 4327 814 4397 plubiam
827 4328 855 4381 P
907 4328 943 4385 19
957 4328 1076 4382 inaurati
1089 4320 1300 4384 arrolcbotBurs.
1354 4330 1391 4386 21
1405 4330 1477 4382 aufe·

348 4415 412 4467 rent
423 4431 442 4467 a
493 4412 530 4471 28
548 4414 672 4468 calcastis
696 4413 793 4470 Oceani
814 4413 863 4467 sub
884 4415 965 4468 remis
977 4415 1089 4468 uestris:
1108 4415 1239 4484 incogniti
1259 4416 1358 4484 culpo:
1376 4415 1484 4468 rectius.

350 4499 437 4554 uerbo
448 4499 579 4570 destirexit
593 4500 746 4566 Schefferus
758 4501 790 4552 ia
801 4499 881 4554 Misc.
900 4499 1009 4554 Obseru.
1025 4501 1080 4570 IX,
1095 4505 1148 4556 163
1212 4501 1252 4558 30
1268 4501 1404 4555 brittanus
1416 4501 1444 4554 P

350 4585 387 4642 31
406 4585 491 4640 uultis
504 4586 619 4656 amplius
632 4603 650 4639 a
