4050 5559
1512 613 1590 664 XVII

464 774 602 848 menti
622 774 807 848 eliui'nae
829 771 1032 846 tribuens
1047 772 1365 870 principatum.
1384 767 1590 842 Heraclides

457 894 625 993 ponticus
647 918 779 991 pioque
802 895 865 967 eleo
888 893 1050 967 iliui'nam
1068 904 1216 965 mentem
1234 888 1393 988 quamuis
1405 887 1506 961 uarie
1524 889 1588 960 ail-

463 1012 554 1088 scrih
567 1014 593 1087 't.
625 1010 883 1110 Theophrastus
905 1025 936 1086 et
957 1010 1082 1085 Zenon
1104 1024 1136 1085 et
1161 1008 1376 1110 Chrysippus
1406 1020 1438 1082 et
1463 1004 1589 1081 Clean-

464 1131 535 1208 thes
555 1145 636 1207 sunt
664 1144 695 1206 et
722 1132 794 1230 ipsi
822 1132 1069 1228 multiformes,
1107 1133 1168 1206 scel
1193 1132 1241 1204 ael
1266 1128 1437 1203 unitatem
1459 1127 1587 1225 proui-

463 1252 601 1327 dentiae
624 1277 742 1326 omnes
770 1254 1007 1325 reuoluuntur.
1049 1252 1145 1324 hunc
1172 1250 1292 1323 locum
1319 1273 1428 1345 graue
1455 1246 1589 1319 uitium

462 1363 618 1445 traxisse
645 1371 759 1445 cuiuis
795 1371 952 1444 intuenti
988 1372 1107 1470 primo
1140 1380 1287 1468 aspectu
1313 1367 1414 1441 facile
1441 1392 1588 1465 appare·

463 1491 533 1581 bit,
561 1492 625 1564 sed
651 1491 739 1563 illud
768 1517 908 1563 comma
933 1487 1104 1565 ‘ari'stoles
1121 1490 1413 1589 ponticus—-
1435 1486 1586 1560 tribuens

457 1599 712 1712 principatum'
732 1637 827 1701 non,
846 1621 888 1684 ut
906 1611 1086 1709 plerisque
1105 1636 1189 1685 oum
1203 1608 1360 1682 Heraldo
1379 1619 1415 1680 et
1429 1605 1586 1678 Meursio

464 1733 583 1804 uisum
611 1741 682 1821 est,
713 1729 810 1803 uelut
836 1731 1015 1828 glossema
1042 1729 1313 1829 expellendum,
1342 1729 1406 1802 sed
1425 1753 1490 1800 suo
1508 1725 1588 1799 loco

462 1863 604 1924 motum
628 1876 706 1924 esse
729 1861 855 1925 nostra
877 1853 1027 1924 demum
1050 1861 1167 1924 aetate
1190 1849 1228 1924 O.
1244 1850 1423 1923 Roeren
1450 1846 1486 1920 in
1518 1846 1587 1918 Mi-

463 1972 626 2044 nucianis
655 1969 829 2044 Coloniae·
850 1996 879 2043 a.
911 1974 1006 2044 1859
1037 1971 1144 2043 editis
1172 1981 1269 2043 recte
1295 1968 1489 2067 perspexit.
1516 1967 1587 2040 hoc

463 2101 611 2191 apparet
644 2118 691 2164 ex
728 2089 912 2164 Ciceronis
945 2091 1026 2164 loco
1054 2117 1162 2187 quem
1189 2089 1369 2162 Minucius
1397 2087 1586 2186 expressit,

463 2212 508 2284 de
535 2212 685 2284 deorum
714 2221 785 2283 nat.
813 2211 842 2302 I,
872 2214 895 2305 ξ
927 2214 993 2285 35:
1033 2208 1110 2284 Nec
1144 2235 1227 2283 uero
1269 2206 1500 2306 Theophrasti
1531 2208 1589 2281 in-

463 2331 662 2405 constantia
679 2332 834 2427 ferenda
861 2343 929 2404 est:
955 2333 1060 2405 moolo
1088 2330 1181 2403 enim
1207 2330 1317 2403 menti
1341 2328 1502 2402 diuinum
1525 2328 1587 2400 tri-

463 2449 535 2524 hui't
553 2451 817 2549 principatum,
844 2453 949 2524 moilo
977 2452 1092 2540 caelo,
1120 2462 1193 2524 tuni
1220 2463 1335 2523 autem
1361 2449 1471 2545 sipnis
1497 2447 1588 2521 sitle-

461 2569 622 2668 rihusque
663 2568 871 2644 caelestibus.
912 2570 1197 2668 disputationem
1230 2579 1349 2641 autem
1376 2567 1523 2640 Minucii
1550 2569 1589 2639 in

462 2690 616 2763 lectione
643 2690 791 2788 uulgari
818 2716 892 2762 non
919 2690 1098 2787 integram
1126 2714 1204 2762 esse
1233 2688 1289 2761 uel
1315 2688 1401 2760 hinc
1426 2686 1589 2784 intellegi

463 2820 622 2909 poterat,
652 2811 750 2908 quod
776 2820 860 2908 post
886 2809 945 2881 illa
972 2807 1082 2882 uerba
1107 2803 1381 2906 ‘Theophrastus
1408 2820 1439 2880 et
1464 2804 1588 2880 Zenon

463 2942 494 3004 et
525 2927 739 3030 Chrysippus
772 2942 803 3003 et
833 2927 1013 3003 Cleanthes
1052 2941 1132 3002 sunl
1173 2941 1203 3003 et
1242 2928 1314 3026 ipsi
1350 2925 1587 3025 multiformes

462 3049 575 3123 trium
616 3050 860 3148 posteriorum
888 3049 1189 3148 philosophorum
1225 3048 1423 3122 sententiae
1450 3048 1494 3118 de
1521 3046 1588 3117 deo

463 3169 679 3244 nominatim
702 3170 941 3257 adferuntur,
965 3170 1206 3269 Theophrasti
1229 3168 1340 3242 solius
1362 3167 1589 3266 praetermit-

463 3290 570 3380 titur,
616 3300 658 3362 ut
694 3290 795 3388 quasi
832 3289 1070 3363 inhonoratus
1098 3289 1267 3361 dimissus
1295 3313 1374 3361 esse
1415 3287 1589 3359 uideatur.

462 3411 551 3483 illud
579 3436 722 3507 quoque
748 3409 786 3481 in
815 3410 962 3507 uulgata
1001 3409 1154 3482 lectione
1195 3407 1432 3481 offensionem
1470 3405 1587 3494 habet,

463 3531 560 3628 quod
587 3529 857 3629 Theophrastus
897 3556 979 3604 cum
1020 3529 1166 3618 Stoicis,
1208 3530 1253 3601 de
1289 3527 1420 3625 quibus
1462 3525 1590 3600 Cicero

465 3649 487 3722 l.
516 3674 543 3722 c.
578 3648 663 3722 inde
695 3676 716 3721 a
755 3653 774 3742 ξ
803 3652 849 3722 36
878 3650 1026 3749 proprie
1065 3647 1157 3746 agit,
1199 3660 1242 3720 ut
1276 3648 1438 3722 eiusdem
1471 3656 1589 3719 sectae

466 3769 702 3869 philosophus
737 3796 810 3842 uno
845 3782 972 3842 tenore
1015 3769 1257 3867 coniungitur.
1302 3794 1369 3842 nac
1400 3778 1522 3840 tamen
1548 3763 1588 3838 C.

462 3891 603 3964 Roeren
643 3890 712 3963 loci
756 3890 1046 3963 emendationem
1090 3915 1360 3963 consummasse
1405 3887 1589 3986 putandus

463 4021 541 4100 est,
569 4036 651 4083 cum
680 4011 840 4083 siceum
868 4009 1103 4100 scribendum
1131 4036 1209 4083 esse
1235 4010 1440 4109 proposuit:
1477 4005 1590 4080 theo-

456 4127 625 4227 phrastus
651 4130 786 4220 uariat,
816 4131 906 4203 alias
931 4132 1062 4205 munile
1069 4187 1079 4220 ,
1108 4130 1198 4204 alias
1226 4130 1335 4203 menti
1359 4128 1503 4203 iliuinae
1525 4127 1588 4200 tri'-
1687 4157 1690 4160 ’

462 4249 567 4325 huens
580 4251 827 4348 principatum
846 4262 877 4324 et
890 4247 1014 4324 Zenon
1033 4260 1099 4323 etc.
1120 4251 1183 4323 sed
1200 4249 1333 4324 rectius
1347 4246 1589 4322 Vahlenius

460 4369 640 4443 intellexit
675 4369 877 4442 orationem
919 4371 972 4444 sio
1011 4371 1134 4470 potius
1177 4371 1457 4444 continuandam
1491 4392 1590 4441 esse:

465 4487 721 4588 Theophrastus
743 4489 848 4562 etiam
871 4492 954 4589 (pro
975 4493 1023 4588 et)
1045 4491 1201 4566 uariat..
1230 4489 1382 4564 tribuens
1398 4488 1590 4588 principa-

513 4621 545 4658 11.
1365 4610 1385 4673 b
1422 4658 1426 4664 ,
