4050 5559
483 651 557 716 136Ι
826 646 873 701 Ad
897 646 1079 702 Firmicum
1102 647 1292 702 Maternum

481 805 608 858 intimare
627 803 689 868 3,1.
710 803 785 868 19‚5
1115 806 1190 858 creta
1208 805 1231 869 7,
1246 804 1278 867 6,
1296 804 1392 872 quibus
1407 803 1496 858 omnia
1513 805 1541 857 ct
1558 803 1649 857 suble·
1731 815 1736 821 ’

481 893 555 948 itanc
572 908 625 945 non
646 891 704 944 erat
725 889 799 943 aliud
812 889 880 958 quod
893 889 1045 944 diceretur?
1115 894 1213 945 uantur
1224 909 1250 962 p.
1263 893 1291 945 et
1303 891 1473 944 continentur
1490 891 1532 954 21,
1546 891 1563 948 6

516 979 590 1032 itane
601 992 653 1031 non
666 979 736 1040 crat,
752 975 821 1045 quod
833 976 862 1029 in
874 975 985 1046 agendis
997 974 1045 1029 dcc
1080 978 1188 1047 penitus
1201 977 1287 1032 delere
1306 977 1349 1042 16,
1361 977 1379 1030 4

516 1063 614 1134 gratiis
626 1063 727 1118 faceret
738 1062 910 1117 mortalitas?
929 1063 955 1126 3,
969 1064 987 1119 3
1080 1064 1243 1134 pontificalis
1255 1064 1298 1117 lex
1316 1061 1360 1126 16,
1373 1062 1390 1115 2

1081 1151 1216 1219 populatio
1228 1151 1394 1203 flammarum
1405 1148 1499 1217 rapida
1517 1150 1560 1214 15,
1573 1150 1593 1206 4

481 1236 608 1292 lectiones
625 1252 727 1290 sacrae:
746 1235 890 1289 lectionum
911 1252 1045 1300 sacrarum
1080 1238 1215 1305 potestate
1225 1236 1344 1305 magicae
1353 1235 1422 1288 artis
1431 1235 1585 1304 perspicuus
1596 1236 1647 1300 6,6

515 1322 686 1377 institutione
706 1323 836 1376 formatus
853 1323 881 1386 8,
898 1321 930 1385 4,
958 1338 1045 1375 sacra·
1080 1323 1267 1393 praecipitium
1286 1321 1343 1387 6‚8

514 1425 574 1463 rum
585 1408 729 1463 lectionum
740 1409 848 1462 oracula
860 1408 903 1472 19,
917 1408 949 1470 3,
966 1423 1045 1461 uene·
1080 1410 1216 1479 pullulans
1235 1408 1402 1478 serpentibus
1423 1408 1473 1464 dea
1493 1410 1563 1473 5,1;
1581 1409 1647 1476 quid

514 1494 656 1548 randarmu
676 1494 822 1549 lectionum
839 1496 941 1548 secreta
957 1492 1002 1557 20,
1014 1493 1045 1555 3;
1115 1496 1153 1549 sic
1171 1495 1371 1550 renascentibus
1393 1495 1486 1565 hydris
1506 1495 1646 1565 pullulas?

514 1597 648 1636 sacrarum
660 1581 803 1635 lectionum
815 1597 912 1634 arcana
928 1579 1001 1644 23,1
1114 1584 1185 1647 21,2

423 1736 426 1745 ⁴
479 1667 762 1736 licentia=potentia
779 1667 856 1732 24,4

479 1754 642 1810 ludibriosus
661 1753 687 1818 6,
701 1755 725 1808 7.
742 1754 784 1818 27,
797 1754 817 1810 4
1081 1753 1333 1825 quamdiu=donec
1346 1756 1481 1824 (nostrum
1492 1752 1563 1822 ‘bis’)
1577 1755 1603 1819 6,
1617 1754 1643 1811 9.

1114 1842 1191 1905 24,2

479 1927 618 1981 malitiosa
629 1926 714 1980 fames
733 1927 776 1990 13,
790 1927 805 1980 1
1080 1928 1220 1996 quasseuit
1232 1944 1291 1981 cum
1303 1927 1353 1982 hac
1366 1928 1534 1997 responsione
1553 1927 1596 1991 14,
1609 1928 1627 1980 2

478 2013 619 2068 modorum
629 2013 782 2067 corruscatio
793 2013 972 2083 irrepalarcc:
985 2030 1045 2067 cum
1080 2014 1161 2082 quod:
1174 2014 1321 2068 nescientes
1333 2014 1427 2084 quod..
1441 2015 1496 2068 sint
1509 2016 1532 2078 1,
1542 2015 1573 2076 2,
1585 2030 1644 2083 per·

514 2099 716 2168 persuaderetur
737 2097 890 2153 bominibus
913 2100 983 2168 quod
1003 2116 1044 2153 00-
1115 2100 1240 2155 suadetur
1250 2099 1401 2154 hominibus
1411 2100 1480 2169 quod
1489 2100 1578 2154 colant
1590 2101 1644 2153 ter-

513 2185 572 2239 lant
592 2187 691 2238 terram
709 2185 735 2249 3,
754 2186 783 2247 1,
801 2185 898 2240 uellem
918 2186 987 2240 mihi
1003 2202 1044 2239 re·
1114 2203 1172 2240 ram
1190 2187 1245 2252 3,1

513 2272 659 2342 spondeant
677 2271 703 2335 3,
718 2271 735 2328 3
752 2272 798 2340 (cf.
813 2273 895 2326 Bura.
910 2290 940 2341 p.
959 2273 1044 2342 VH),
1080 2290 1182 2343 quoque
1194 2290 1330 2328 non=ne
1341 2305 1372 2312 ι
1382 2273 1488 2341 quidem
1506 2273 1561 2338 8,1

513 2375 545 2412 ne
566 2362 595 2412 et
615 2359 677 2412 hinc
689 2358 791 2411 deesset
808 2359 952 2423 incestum,
971 2358 1044 2412 Iouis

512 2444 607 2498 uolunt
627 2461 658 2499 01
679 2461 765 2499 sorore
785 2445 923 2516 coniugem
945 2445 1045 2499 factem
1079 2446 1175 2514 religio
1187 2446 1298 2515 prolana
1309 2447 1350 2510 21,
1364 2446 1393 2509 1,
1411 2445 1571 2515 religionum
1582 2462 1642 2515 prc-

513 2531 540 2594 4,
554 2532 583 2593 1,
602 2533 666 2601 quid
686 2548 714 2585 se
734 2533 841 2585 mancat
853 2548 884 2585 er
897 2530 1003 2586 urbium
1016 2532 1044 2585 in
1113 2532 1235 2586 sanarum
1247 2535 1396 2585 commenta
1413 2532 1453 2597 17,
1466 2532 1486 2588 4

513 2617 609 2686 quibus
630 2618 684 2672 fuit
696 2617 801 2671 casibus
813 2618 884 2672 uidit
903 2618 948 2683 15,
962 2619 998 2682 35
1016 2635 1044 2672 se

512 2703 613 2757 diuersi
635 2703 742 2773 generis
765 2703 917 2758 calliditate
940 2721 1043 2774 compo·
1080 2703 1255 2758 sacratissimi
1275 2703 1448 2772 impcratores
1475 2705 1501 2769 3,
1523 2706 1548 2759 2.
1577 2704 1603 2769 6,
1627 2707 1641 2759 1

513 2790 579 2854 snit,
598 2792 655 2845 ut..
674 2790 794 2844 homines
806 2790 945 2844 interimat
956 2791 1000 2855 26,
1010 2791 1044 2854 4,
1114 2796 1140 2845 et
1151 2807 1231 2860 saepe
1243 2791 1314 2845 01700

513 2880 548 2945 cf.
562 2878 644 2931 etiam
656 2881 683 2944 6,
696 2879 714 2930 5
879 2932 882 2936 ,
1079 2895 1142 2932 sane
1150 2878 1289 2947 peculiari
1299 2894 1382 2932 censu
1398 2878 1422 2940 2,
1436 2878 1460 2932 3.
1479 2878 1543 2942 4,1.
1563 2878 1588 2942 7,
1601 2878 1621 2935 4

477 2964 630 3019 mortalitas
647 2963 691 3030 (ε
701 2961 820 3016 homines
831 2962 969 3032 mortales)
980 2964 1004 3028 2,
1016 2963 1042 3020 4.
1079 2981 1107 3018 se
1119 2966 1154 3031 cf.
1168 2980 1231 3018 suus

513 3051 540 3114 3,
553 3050 579 3106 3.
598 3048 642 3112 24,
656 3049 674 3105 3
1079 3051 1278 3106 sollicitatio:
1288 3051 1419 3121 corruptio
1438 3052 1479 3116 12,
1493 3051 1511 3108 6

1079 3137 1178 3191 stantis
1190 3137 1273 3191 anirni
1285 3137 1384 3192 iudicio
1402 3137 1445 3203 16,
1459 3138 1477 3197 5

478 3223 573 3276 nantes
585 3237 658 3274 mare
676 3221 717 3284 17,
729 3222 747 3275 2
1079 3222 1177 3277 stridor
1194 3224 1314 3278 aemulus
1332 3226 1373 3289 12,
1386 3226 1404 3284 5

478 3325 511 3362 ne
521 3331 554 3356 =
564 3314 690 3363 acetrum
701 3306 743 3360 ‘ob
755 3306 840 3362 nicht’
858 3309 902 3374 28,
916 3311 949 3363 12
1079 3311 1223 3380 stringitur
1235 3314 1308 3364 terra
1319 3311 1410 3365 occani
1426 3311 1570 3365 ambientis
1592 3311 1643 3365 cir·

478 3412 526 3449 nec
541 3419 573 3443 =
587 3412 621 3448 ne
633 3426 660 3435 -
674 3395 781 3464 quidem
802 3394 862 3460 6,9
884 3397 1041 3463 0016000.
1113 3397 1172 3450 culo
1199 3397 1225 3461 3,
1248 3398 1280 3460 5,
1306 3396 1387 3451 boc..
1416 3398 1528 3452 nitalem
1549 3414 1644 3452 uenam

512 3483 536 3547 7,
550 3483 576 3541 5.
597 3482 672 3545 15,2
1114 3483 1226 3552 stringit
1252 3484 1281 3536 in
1307 3486 1420 3537 mortem
1447 3483 1490 3548 18,
1511 3485 1542 3547 2,
1568 3484 1643 3552 ligno

479 3569 577 3624 nutriti
585 3568 754 3622 muliebriter
759 3567 947 3637 (=mulierum
956 3569 1043 3639 modo)
1113 3568 1198 3623 crucis
1208 3569 1294 3623 adfixa
1304 3570 1363 3624 uita
1372 3570 1488 3624 bominis
1499 3573 1643 3640 perpetuae

513 3656 598 3709 crines
616 3654 673 3718 4,2
1113 3656 1319 3710 inmortalitatis
1335 3657 1481 3726 conpagine
1499 3657 1644 3725 stringitur

479 3827 648 3882 omnifariam
667 3825 693 3889 6,
706 3828 730 3879 2.
749 3826 822 3891 29,1
1078 3829 1243 3883 substantia:
1267 3828 1302 3882 ad
1323 3829 1504 3883 substantiam
1523 3830 1551 3896 (i.
1566 3846 1586 3883 e.
1601 3847 1644 3883 su-

479 3913 601 3968 ordinare
614 3912 763 3966 sacerdotes
781 3913 836 3977 3,1
1112 3915 1312 3981 stentationem)
1367 3916 1472 3984 generis
1532 3916 1644 3970 humani

698 4027 701 4031 v
1111 4000 1203 4055 haec..
1216 4002 1314 4055 donata
1327 4003 1390 4055 sunt
1400 4002 1425 4066 2,
1439 4000 1471 4065 8,
1482 4000 1642 4057 daemonum

479 4084 680 4156 paenitentibus
706 4085 770 4139 deus
791 4084 908 4140 libenter
928 4087 1044 4156 ignoscit
1113 4086 1265 4141 substantia
1278 4104 1308 4141 cr
1320 4087 1373 4141 isto
1386 4087 1515 4157 sanguine
1523 4088 1645 4142 nutritur

513 4172 574 4236 4,4
1113 4172 1156 4236 13,
1170 4172 1190 4229 4
1196 4193 1203 4236 ;
1229 4174 1376 4227 nescientes
1398 4172 1578 4228 substantiam
1597 4191 1645 4243 ge·

479 4273 601 4327 pareo:
612 4273 724 4325 appareo
742 4257 769 4321 8,
782 4258 806 4310 3.
825 4258 896 4322 22,2
1112 4258 1184 4312 neris
1197 4258 1307 4313 humani
1326 4260 1473 4314 cotidianus
1491 4260 1583 4329 epulas
1595 4260 1645 4314 boc

478 4343 580 4413 pariter
600 4359 653 4410 per
681 4343 883 4397 abundantiam
907 4345 1042 4413 positum:
1112 4344 1216 4398 nomine
1229 4348 1415 4399 consecrarunt
1433 4346 1476 4411 14,
1489 4347 1519 4409 2,
1546 4345 1644 4401 011100

513 4430 586 4483 locus
598 4422 644 4497 qui
656 4429 747 4498 gratia
759 4446 807 4483 sua
819 4431 921 4484 animos
933 4432 961 4484 et
973 4430 1044 4483 inui-
1113 4430 1182 4500 quod
1193 4430 1309 4485 libenter
1318 4430 1454 4485 faciebant
1463 4432 1644 4488 substantiam

514 4517 587 4569 teret
597 4516 699 4584 pariter
711 4517 739 4568 01
752 4516 856 4569 teneret
874 4516 897 4579 7,
910 4516 940 4578 2,
958 4518 986 4569 01
1003 4532 1044 4570 se·
1113 4517 1229 4570 nominis
1248 4517 1395 4587 figurantes
1408 4520 1541 4573 terrenam
1554 4519 1610 4573 uim
1620 4559 1643 4573 ..

513 4601 590 4675 pulta
610 4600 639 4656 iu
659 4600 716 4656 loco
738 4602 780 4653 est
801 4601 903 4670 pariter
915 4603 943 4656 et
954 4617 1044 4657 conse-
1114 4601 1207 4657 Ditem
1218 4605 1322 4672 patrem
1333 4603 1426 4660 dicunt
1435 4604 1476 4673 17,
1489 4605 1519 4671 2,
1536 4604 1645 4679 fungum
