4050 5559
1425 639 1491 693 XIX

360 797 435 870 ium
457 798 577 870 multa
599 796 879 895 antecesserint]
893 785 895 789 ⁸
908 823 1014 872 socru
1039 798 1119 897 ipsu
1150 809 1182 871 ct
1207 797 1287 896 ipsu
1312 797 1488 897 mysterio,

360 929 441 989 turn
469 917 636 1013 loquitur
662 916 858 991 deforma
891 928 929 992 et
954 919 1084 992 habitu
1118 918 1291 1009 deorum,
1333 916 1490 1016 denique

360 1039 411 1136 (p.
437 1041 496 1128 32,
523 1040 570 1110 22
594 1039 690 1135 sqq.)
718 1038 765 1112 de
791 1041 1008 1115 commentis
1041 1048 1250 1137 poetarum,
1283 1064 1377 1137 quae
1402 1063 1489 1137 pars

360 1158 600 1233 concluditur
621 1158 678 1231 his
702 1157 843 1232 uerbis:
866 1158 920 1233 uis
941 1170 1043 1258 utque
1057 1156 1260 1233 huiusmodi
1270 1156 1488 1256 fiqurcntis..

360 1290 636 1376 contempnatur
664 1277 810 1375 inpenio
828 1304 1024 1378 puerorum
1065 1291 1132 1352 et..
1160 1279 1362 1353 adolescunt
1394 1291 1425 1352 et
1450 1278 1489 1352 in

358 1398 470 1472 isdem
497 1397 722 1496 opinionibus
748 1399 872 1474 miseri
896 1411 1167 1489 consenescunt,
1195 1398 1338 1472 curarit
1358 1399 1490 1473 ueritus

360 1516 466 1592 obtain
490 1520 552 1592 scd
575 1518 827 1617 requirentibus
848 1520 899 1617 (p.
925 1522 984 1610 33,
1011 1521 1057 1593 18
1081 1519 1188 1619 sqq.).
1222 1519 1296 1592 iam
1331 1543 1380 1592 ex
1406 1521 1488 1592 uul-

359 1639 439 1736 gari
462 1639 591 1712 ordine
626 1638 814 1713 Minucius
854 1641 906 1714 sic
940 1642 1148 1738 perrexisse
1190 1642 1313 1712 fertur
1352 1642 1403 1737 (p.
1428 1642 1488 1730 29,

316 1750 319 1755 ’
360 1757 442 1855 21);
471 1757 667 1832 Saturnum
693 1761 788 1833 enirn
806 1761 1012 1859 principem
1044 1758 1146 1833 huius
1183 1760 1321 1857 peruris
1348 1771 1379 1833 et
1396 1742 1488 1833 'euu-

358 1879 464 1952 uu'nis
492 1903 611 1953 omnes
649 1880 837 1977 scriptores
874 1880 1054 1955 uetustatis
1098 1877 1230 1953 Gracci
1266 1878 1488 1976 Romanique

357 1996 533 2072 hominem
551 1991 798 2097 prodiderunt
837 2001 928 2074 haec
966 2002 1063 2073 inter
1099 2025 1137 2073 se
1176 2024 1252 2073 non
1293 2002 1488 2072 cohaerere

358 2119 476 2192 cuiuis
500 2119 712 2193 accuratius
735 2120 894 2193 intuenti
915 2145 991 2193 non
1014 2129 1137 2218 potest
1155 2145 1231 2192 non
1248 2121 1487 2192 manifestum

358 2262 455 2329 esse3
499 2264 601 2312 nunc
641 2242 739 2314 enirn
781 2240 929 2313 demum
970 2240 1141 2338 sequitur
1170 2239 1286 2313 altera
1311 2240 1376 2311 illa
1401 2263 1487 2336 pars

357 2358 617 2456 disputationis
645 2386 721 2459 cup.
748 2365 793 2434 21
822 2362 1008 2458 inceptae,
1036 2361 1057 2432 i.
1077 2385 1105 2432 e.
1132 2359 1347 2432 testimonia
1367 2358 1482 2431 histo·

356 2480 522 2552 ricorum
549 2479 596 2553 de
623 2480 694 2554 diis
721 2481 942 2554 hominibus.
968 2478 1124 2576 legimus
1152 2479 1205 2551 ibi
1240 2478 1290 2576 (p.
1315 2481 1373 2568 29,
1401 2480 1485 2574 18):

356 2597 593 2673 Alexander..
617 2601 753 2697 insr'pni
770 2601 947 2674 nutrimine
969 2601 1019 2672 ud
1039 2611 1187 2672 matroni
1209 2624 1310 2672 sunm
1331 2597 1481 2695 nupsit,

354 2731 447 2791 nen
485 2745 569 2793 sune
601 2721 786 2819 potestatis
805 2719 991 2818 proditum
1018 2717 1086 2792 sibi
1122 2720 1164 2792 dc
1191 2718 1259 2792 diis
1285 2717 1483 2792 hominibus

356 2866 380 2911 o
418 2843 597 2915 sacerdote
636 2853 821 2916 secretum:
856 2841 927 2914 iilic
966 2838 1159 2914 Vulcanum
1189 2838 1287 2936 fucit
1326 2838 1482 2911 omniun

349 2959 556 3058 principun
584 2974 616 3036 et
634 2975 762 3060 postca
795 2961 917 3037 Iouis
946 2973 1126 3057 panteni.
1167 2961 1247 3055 quis
1274 2984 1347 3030 non
1378 2958 1483 3031 uidet

356 3102 442 3152 curn
478 3081 534 3153 his
569 3082 695 3155 uerbis
732 3080 982 3154 continuanda
1017 3105 1096 3153 esse
1124 3103 1218 3177 quae
1246 3078 1291 3151 de
1319 3077 1482 3150 Saturno

355 3207 405 3297 (p.
429 3202 489 3290 29,
515 3204 582 3292 21;
623 3226 670 3274 ex
697 3202 846 3300 uulgari
887 3199 1017 3272 ordine
1057 3226 1084 3273 c.
1110 3204 1168 3290 22,
1195 3201 1233 3296 9)
1260 3192 1481 3271 traduntur:

353 3315 552 3394 Saturnum
579 3322 672 3394 enirn
695 3322 895 3420 principem
920 3319 1046 3394 liuius
1079 3320 1263 3418 pencris
1302 3331 1342 3391 et
1381 3343 1481 3391 cuu-

353 3439 490 3513 niinis
532 3466 649 3515 onnes
688 3443 910 3539 scriptores..
943 3440 1190 3539 prodiderunt.
1218 3437 1353 3536 quodsi
1393 3439 1482 3511 haec

351 3559 471 3631 uerba
498 3570 536 3633 et
562 3586 657 3658 quae
684 3574 893 3657 sequuntur
932 3563 1068 3657 (usque
1096 3559 1143 3632 ad
1179 3585 1215 3657 p.
1241 3561 1301 3648 31,
1326 3561 1367 3648 7)
1395 3583 1481 3631 curn

352 3677 542 3752 Lindnero
569 3684 864 3778 transposueriS‚
893 3683 1014 3752 omnia
1042 3681 1181 3778 optime
1214 3679 1312 3755 inter
1348 3702 1386 3751 se
1424 3704 1479 3752 co·
1571 3759 1574 3765 ,

351 3799 507 3871 haerent
533 3811 708 3898 recteque
731 3801 959 3898 procedunt:
987 3801 1063 3872 iarn
1099 3800 1198 3872 enim
1226 3798 1385 3872 deorum
1412 3801 1478 3871 hu·

351 3921 513 3992 manitas
537 3921 803 4019 comprobatur
824 3923 990 4018 primum
1013 3945 1060 3992 ex
1083 3919 1226 4016 scriptis
1253 3920 1477 4017 sapientium

352 4047 390 4110 et
411 4038 677 4114 historicorum
696 4043 746 4138 (p.
765 4045 824 4130 29,
851 4045 978 4139 9-p.
995 4043 1055 4130 30,
1081 4039 1144 4139 16)
1169 4048 1207 4112 et
1229 4064 1277 4112 ex
1299 4040 1478 4137 ipsorum,

354 4160 417 4254 qui
446 4158 498 4232 dii
537 4169 720 4257 putantur
759 4161 954 4233 natiuitatc
995 4160 1044 4258 (p.
1071 4163 1130 4250 30,
1158 4163 1202 4231 17
1221 4185 1317 4256 -p.
1342 4162 1402 4251 31,
1428 4160 1477 4258 7),
1564 4195 1568 4201 ·

352 4277 486 4352 deinde
513 4304 560 4352 ex
586 4281 717 4352 mortis
743 4279 903 4369 indiciis,
941 4305 1035 4376 quae
1071 4281 1184 4352 sacris
1220 4280 1309 4377 ipsis
1336 4288 1372 4351 et
1398 4305 1477 4380 my·

350 4400 472 4471 steriis
504 4400 715 4497 prodantur
749 4401 799 4499 (p.
826 4406 885 4490 31,
914 4403 959 4473 10
983 4401 1101 4497 δρψ),
1141 4410 1222 4473 tum
1261 4425 1309 4472 ex
1335 4402 1477 4474 formae

352 4530 390 4594 et
411 4519 561 4593 habitus
585 4520 765 4595 dedecore
789 4522 838 4619 (p.
860 4525 918 4613 32,
944 4525 965 4594 5
990 4523 1103 4619 sqq),
1129 4520 1286 4619 denique
1310 4545 1357 4593 ex
1380 4546 1478 4595 corn-

1235 4638 1279 4702 b*
