4050 5559
1411 703 1487 757 XXV

358 858 603 933 minostrorum
622 860 761 934 diuersa
787 886 916 935 nouere
944 862 1074 958 (immo
1096 872 1281 951 nouerant,
1305 872 1347 933 ut
1369 870 1425 934 est
1447 862 1486 933 in

360 978 471 1075 cod.)
497 988 601 1052 totus
622 980 727 1053 loeus
751 990 950 1077 corruptus
974 989 1045 1068 est,
1073 1003 1157 1050 eum
1180 981 1362 1077 scriptura
1392 1004 1486 1077 repe·

359 1099 468 1173 εταΐα
488 1100 566 1172 leui
587 1101 679 1173 uitio
703 1100 838 1173 abisset
860 1102 897 1172 in
918 1096 1105 1198 repostam.
1128 1101 1228 1173 iniis
1247 1111 1371 1174 autem
1390 1123 1485 1197 quae

360 1231 571 1316 sequuntur
593 1220 729 1295 codicis
754 1223 906 1320 uestigia
927 1226 1080 1322 propius
1103 1223 1219 1296 secuti
1251 1223 1485 1319 scripsimus:

360 1342 425 1413 deo
448 1340 591 1414 audictis
614 1365 701 1438 opus
724 1366 797 1414 aaa
827 1354 894 1415 est:
919 1368 993 1416 aea
1028 1343 1120 1417 enim
1155 1345 1265 1417 sotum
1298 1342 1338 1414 ia
1377 1341 1487 1414 omlis

361 1460 436 1533 eius
465 1462 527 1533 sed
560 1461 599 1532 aa
633 1460 714 1533 siau
747 1462 921 1551 m'aa'mas5
947 1461 1139 1535 Parisinus
1163 1464 1259 1536 enim
1283 1463 1333 1534 sio
1355 1459 1486 1534 habet:

360 1605 434 1651 αοα
455 1579 495 1652 ab
517 1581 628 1652 sotum
651 1582 760 1654 oratis
781 1581 854 1655 etas
875 1585 936 1656 sed
956 1581 995 1654 ab
1016 1582 1056 1654 αα
1083 1582 1256 1679 (alterum
1278 1581 1318 1654 αα
1341 1604 1487 1653 erasum

363 1699 436 1797 est)
458 1699 539 1772 siaa
564 1700 727 1774 aratinus.

414 1819 568 1892 Initium
584 1822 712 1919 capitis
729 1825 777 1894 34
791 1821 1051 1895 difficillimum
1061 1820 1169 1894 nobis
1181 1846 1258 1892 non
1272 1819 1388 1916 magis
1401 1842 1485 1890 oon·

361 1940 448 2036 tigit
481 1951 525 2012 ut
560 1942 843 2015 emendaremus
879 1968 989 2038 quam
1021 1967 1079 2014 res
1109 1942 1267 2013 feliciter
1296 1936 1486 2037 prioribus

363 2071 540 2151 cesserat3
574 2062 640 2134 sed
675 2061 715 2134 in
749 2062 873 2135 uerbis
909 2087 984 2134 non
1020 2064 1143 2134 miuus
1179 2061 1363 2151 obscuris,
1392 2080 1487 2155 quae

362 2182 476 2278 paulo
510 2193 597 2281 post
627 2193 837 2279 sequuntur
865 2177 953 2280 ‘puts
974 2184 1116 2280 apamat
1149 2181 1269 2269 omma
1300 2204 1387 2278 pacm
1409 2189 1489 2251 orta

362 2312 443 2373 aaut
466 2302 640 2394 occidere,
669 2304 877 2401 paterfacta
894 2290 979 2376 xsumt
1004 2301 1172 2376 obterere?
1198 2303 1333 2374 coetum
1355 2323 1487 2396 qaoque

362 2445 444 2493 oum
462 2421 620 2495 omnibu
641 2447 729 2520 αααα
755 2425 850 2496 coeto
874 2424 1094 2497 contemuitur
1115 2422 1167 2494 ita
1187 2434 1225 2494 ut
1252 2419 1402 2517 coepasse
1429 2420 1488 2492 de-

362 2540 477 2614 sinere
489 2542 649 2636 sentiam
671 2543 783 2616 dalcae
806 2568 898 2640 aquo
928 2543 1047 2617 morta
1074 2542 1208 2615 oatm're
1237 2540 1277 2612 ta
1297 2539 1372 2612 m'm
1393 2537 1487 2635 apaa's

362 2660 541 2734 abituram
555 2659 684 2735 Stoicis
700 2676 864 2736 coartans
880 2662 1000 2760 optato
1017 2651 1073 2734 est'
1089 2669 1238 2759 praesto
1255 2668 1335 2732 erat
1349 2658 1484 2730 acutis·

365 2783 462 2853 sima
473 2780 710 2854 Dombarti
726 2785 949 2854 coniectura:
967 2782 1101 2856 coelam
1116 2805 1247 2878 quoque
1263 2804 1343 2852 eam
1358 2803 1389 2850 0.
1400 2801 1488 2874 qaae

367 2927 397 2974 c.
421 2903 660 2992 cantabantur,
687 2903 740 2976 ita
761 2915 799 2976 at
822 2902 951 3000 coepit,
980 2903 1014 2975 si
1034 2901 1172 2975 desierit
1193 2899 1353 2996 seutiam
1376 2896 1488 2972 dulcis

366 3047 462 3119 aquo
472 3023 591 3095 mam'u
603 3023 749 3113 nutrire,
765 3024 805 3097 ab
815 3023 889 3096 uim
899 3022 992 3120 ebais
1004 3021 1179 3095 obiturum
1194 3015 1492 3119 (subnotatas

365 3154 530 3215 constans
553 3143 674 3240 optato
693 3156 761 3216 est:
785 3143 823 3215 in
842 3167 916 3238 qua
934 3141 1191 3214 emendatione
1214 3141 1244 3211 si
1267 3165 1342 3211 non
1366 3139 1491 3210 omnia

364 3262 479 3334 uerba
500 3266 682 3360 praestari
703 3272 875 3360 possunt,
900 3263 1019 3334 multo
1039 3262 1167 3335 saltem
1186 3258 1417 3357 probabilior
1435 3257 1489 3328 ui·

364 3382 522 3455 debitur
552 3408 664 3478 quam
698 3392 907 3455 commenta
938 3383 984 3454 ab
1020 3383 1101 3454 aliis
1124 3379 1246 3452 adhue
1268 3378 1488 3474 excogitata.

365 3505 413 3577 ob
437 3502 564 3575 ooulos
592 3512 717 3575 autem
745 3503 876 3575 habuit
896 3502 1083 3576 Minucius
1106 3501 1205 3571 huno
1234 3496 1421 3571 Ciceronis
1444 3495 1491 3569 de

365 3624 463 3696 deor.
486 3633 560 3695 nat.
583 3625 705 3695 locum
729 3622 775 3710 II,
800 3623 819 3720 ξ
846 3625 937 3695 118:
965 3647 1007 3694 ex
1039 3646 1104 3718 qao
1141 3631 1344 3692 euenturum
1377 3615 1494 3690 nostri

366 3742 508 3844 (Stoici)
526 3755 688 3841 pateat..
710 3755 749 3815 ot
772 3745 821 3816 ad
841 3754 1032 3815 extremum
1055 3740 1168 3813 omues
1197 3741 1348 3812 muudus
1378 3738 1489 3835 tpaes·

366 3875 471 3953 aeret,
500 3888 579 3936 mua
601 3887 722 3936 umore
744 3874 949 3959 consumpto
971 3886 1079 3958 oeque
1105 3872 1201 3932 terra
1227 3859 1279 3933 au·
1292 3870 1411 3956 posset
1430 3882 1491 3931 ae-

365 4008 429 4081 que
454 3995 623 4057 remearet
638 4008 730 4072 aer,
759 3984 857 4057 ratos
883 3995 979 4054 ortus
1005 4006 1098 4077 aquo
1122 3979 1221 4052 omni
1236 3977 1403 4053 eabousta
1421 4002 1491 4051 esse

365 4128 440 4175 aaa
459 4115 587 4200 posset.

420 4221 506 4320 Cap.
531 4225 590 4308 38,
617 4222 637 4295 2
661 4224 781 4321 gratia
801 4222 972 4295 habenda
991 4231 1046 4293 est
1065 4223 1108 4292 A.
1126 4219 1416 4292 Laubmanni
1439 4217 1491 4290 di·

364 4342 557 4441 ligentiae,
585 4344 650 4440 qui
671 4344 811 4442 primus
833 4343 929 4415 uidit
950 4343 1114 4440 ineptam
1136 4341 1333 4413 lectionem
1351 4331 1492 4412 ‘aarum

366 4461 476 4537 boat
490 4464 604 4560 floras
623 4461 769 4536 auribus
795 4465 937 4552 ducere,
963 4485 1037 4534 noa
1051 4456 1218 4558 'occept'tt'o
1237 4459 1416 4557 oopittisae
1434 4484 1491 4532 so-

365 4586 473 4658 lemus
498 4575 648 4659 bourare'
672 4585 711 4657 in
735 4583 860 4656 codiee
882 4608 957 4655 non
987 4607 1067 4656 esse
1096 4584 1314 4680 genuinam,
1344 4579 1408 4653 sed
1437 4604 1492 4652 se-

1239 4698 1279 4738 Ἠ(
