4050 5559
430 712 498 766 VIII

431 897 465 969 p.
487 875 508 944 6
532 869 776 970 propositum:
800 894 877 943 oum
896 881 1015 942 uestro
1033 865 1206 966 Hippana
1223 867 1282 942 uel
1299 867 1428 964 Epona
1437 894 1450 955 ,·
1475 892 1557 939 nam

429 989 627 1088 Rigaltium
652 1016 776 1063 uerum
815 989 948 1062 uidisse
984 991 1090 1062 docet
1118 987 1217 1062 locus
1250 987 1446 1061 consimilis
1470 987 1557 1060 Ter-

428 1110 569 1183 tulliani
603 1112 639 1183 in
671 1110 826 1209 Apolog.
851 1135 879 1183 c.
903 1113 967 1182 16:
1008 1135 1072 1183 uos
1101 1123 1214 1183 tamon
1237 1133 1308 1182 non
1330 1109 1504 1207 nopobitis
1527 1119 1559 1180 ct

319 1312 321 1315 ,
429 1231 585 1304 iumenta
609 1230 729 1303 arania
752 1241 784 1302 ct
812 1242 898 1302 totos
928 1229 1124 1304 cantherios
1146 1254 1224 1302 cum
1246 1254 1314 1302 sua
1337 1228 1466 1324 Epona
1490 1226 1559 1300 coli

429 1376 453 1423 a
475 1350 586 1423 uobis.
627 1349 827 1423 necessario
864 1360 981 1422 autem
1020 1349 1269 1447 supplemento
1303 1358 1449 1447 accepto
1486 1347 1555 1420 iam

330 1487 332 1492 ·
362 1500 365 1504 ’
427 1469 515 1543 haec
537 1479 593 1542 est
615 1469 792 1543 sententia
826 1469 863 1541 in
899 1469 1047 1542 Minucii
1082 1469 1180 1542 loco:
1216 1469 1284 1541 nisi
1309 1469 1406 1566 quod
1431 1494 1495 1540 uos
1519 1478 1555 1540 et

425 1599 523 1663 totos
547 1589 666 1663 asinos
688 1589 726 1662 in
753 1588 902 1663 stabulis
926 1615 1007 1662 cum
1033 1599 1152 1662 uestra
1175 1590 1212 1686 (ir
1233 1614 1261 1662 e.
1281 1590 1346 1662 dea
1365 1614 1472 1686 quam
1493 1613 1553 1662 co·

424 1710 497 1783 lere
522 1737 587 1783 uos
610 1737 683 1783 non
706 1711 834 1810 pudet)
867 1709 924 1782 uel
947 1735 1010 1783 sua
1032 1709 1159 1808 Epona
1190 1708 1230 1806 (i.
1254 1734 1282 1781 e.
1308 1708 1384 1781 siue
1407 1708 1465 1780 illa
1487 1736 1553 1807 po-

424 1830 498 1903 tius
522 1831 604 1920 dea,
647 1855 737 1927 quae
767 1830 811 1902 ad
835 1830 1018 1903 asinorum
1051 1829 1190 1904 stabula
1217 1828 1391 1927 pertinet)
1428 1855 1553 1903 conse-

426 1950 545 2024 oratis.

479 2068 564 2168 (lap.
587 2074 620 2157 6,
647 2075 664 2142 1
690 2071 777 2143 haec
797 2070 968 2168 leguntur
989 2069 1026 2142 in
1050 2070 1192 2144 codice:
1239 2067 1326 2143 Cum
1349 2069 1459 2166 ipitur
1491 2079 1555 2141 aut

415 2192 570 2289 fortuna
589 2201 681 2263 certo
701 2202 765 2263 out
781 2190 913 2264 incerta
930 2202 1063 2263 notura
1081 2191 1136 2278 sit,
1160 2201 1293 2288 quanto
1312 2186 1551 2261 ueaaatttias

424 2335 467 2384 oc
488 2309 614 2383 molius
637 2311 807 2382 antistites
829 2310 990 2383 ueritatis
1012 2310 1188 2383 ntaiorum
1212 2309 1365 2405 accipere
1392 2305 1550 2402 discipli-

422 2455 524 2521 nam,
547 2428 735 2526 rolipionos
758 2430 909 2503 traditos
933 2429 1041 2503 colere
1064 2439 1129 2503 etc.
1153 2429 1191 2500 in
1208 2428 1265 2501 his
1286 2426 1404 2500 uerbis
1423 2426 1550 2500 Dom-

423 2549 586 2623 loartus
612 2561 715 2623 uetus
740 2549 868 2622 uitium
905 2549 1066 2640 sanauit,
1103 2549 1165 2646 qui
1201 2548 1338 2648 primus
1370 2547 1549 2620 intellexit

421 2670 604 2742 fortunam
628 2695 701 2741 non
724 2668 886 2767 potuisse
921 2681 1084 2743 certam
1122 2668 1311 2742 nominari.
1348 2667 1417 2740 hoc
1452 2668 1548 2740 enim

421 2787 607 2886 epitheton
631 2812 713 2860 cum
736 2790 883 2860 omnino
906 2788 1061 2862 alienum
1084 2801 1140 2862 est
1168 2816 1188 2861 a
1209 2788 1355 2861 fortuna
1377 2786 1546 2876 instabili,

419 2919 499 2981 tum
518 2907 739 2981 contrarium
757 2907 876 2980 uerbis
891 2911 1058 3006 proxime
1073 2906 1366 2981 antecedentibus
1382 2908 1430 3005 (p.
1444 2911 1477 2995 9,
1490 2909 1546 3003 5):

421 3027 509 3101 odeo
545 3039 609 3100 out
643 3027 777 3100 incerta
810 3028 911 3100 nobis
939 3028 1073 3102 ueritas
1096 3025 1292 3102 occultatur
1315 3040 1346 3099 ot
1361 3028 1546 3123 promitur,

420 3159 502 3239 out,
521 3147 617 3246 qrcod
637 3147 755 3244 inopis
773 3147 982 3221 credendum
1006 3160 1074 3238 cst,
1099 3147 1214 3221 uariis
1237 3159 1268 3220 ct
1291 3145 1436 3220 lubricis
1455 3145 1547 3218 ocsi-

420 3264 484 3339 bus
515 3264 666 3339 solnta
690 3264 865 3362 lapibus
887 3267 1041 3363 fortuna
1065 3266 1278 3341 dominatur.
1313 3292 1405 3364 quae
1428 3276 1546 3338 autem

419 3385 609 3484 appellatio
639 3384 811 3458 conuenit
847 3385 984 3458 solutae
1020 3384 1159 3482 legibus
1195 3385 1387 3458 fortunae?
1410 3410 1545 3474 coccae,

418 3504 564 3602 opinor,
585 3515 625 3577 ut
644 3505 780 3603 optime
799 3505 960 3578 correxit
974 3503 1208 3578 Dombartus.
1228 3506 1265 3577 in
1286 3504 1405 3579 uerbis
1424 3520 1543 3577 autern

418 3649 509 3720 quae
532 3623 655 3696 statim
680 3634 884 3721 sequuntur
906 3625 1108 3697 notandum
1137 3635 1192 3699 est
1227 3625 1415 3699 lectionem
1454 3626 1546 3698 onti-

415 3742 511 3817 stitcs
528 3743 707 3833 ueritatis,
731 3743 896 3840 quamuis
928 3769 1007 3816 eam
1041 3769 1150 3817 sensu
1178 3770 1297 3818 carere
1314 3744 1544 3818 manifestum

416 3863 483 3952 sit,
507 3861 544 3934 in
569 3860 776 3936 nouissimis
800 3861 945 3936 Octauii
966 3863 1143 3962 exemplis
1167 3865 1286 3938 adhuc
1309 3863 1544 3954 circumferri,

414 3981 519 4057 cuius
549 3982 628 4056 loco
658 3982 728 4055 iam
764 3983 967 4056 loannes
1003 4011 1023 4056 a
1057 3984 1228 4059 Wower
1262 3984 1354 4058 bene
1386 3983 1545 4057 conexit

414 4103 603 4177 antistitem
639 4103 808 4179 ueritatis
846 4105 1025 4189 sententia
1047 4117 1120 4179 est:
1162 4116 1299 4204 quanto
1331 4104 1457 4178 melius
1489 4116 1545 4177 est

414 4221 592 4296 maiorum
615 4222 839 4323 disciplinam
862 4225 1028 4325 excipere
1051 4225 1154 4324 quasi
1183 4226 1384 4325 principem
1417 4235 1452 4297 et
1482 4224 1544 4296 ob-

409 4342 525 4416 sidem
562 4343 925 4418 ueritatis-Paulo
948 4357 1032 4444 post
1067 4372 1096 4420 o.
1122 4351 1162 4437 6,
1191 4350 1207 4418 I
1246 4345 1355 4442 uulgo
1386 4344 1542 4442 legitur:

407 4460 496 4537 Indo
515 4465 602 4536 odeo
623 4489 687 4560 per
708 4467 878 4538 uniuersa
901 4467 1087 4562 imperia..
1112 4467 1275 4540 uidemus
1297 4465 1460 4562 sinpulos
1481 4491 1538 4538 so·

409 4607 550 4658 crorum
571 4584 661 4659 ritus
682 4585 829 4683 pactiles
852 4587 977 4661 tubera
1009 4600 1041 4660 et
1068 4588 1150 4660 deos
1185 4584 1298 4659 colere
1335 4586 1545 4682 municipes,
