4050 5559
549 662 615 713 XIV

550 815 698 890 illudet
732 815 805 912 ipsi
836 815 871 886 in
909 814 975 888 hac
998 815 1148 913 quidem
1184 813 1357 886 orationis
1394 810 1681 887 conformatione

552 934 760 1009 nonhabet
792 958 865 1031 quo
902 946 984 1033 apte
1015 935 1202 1008 referatur.
1237 943 1274 1006 at
1301 933 1502 1006 Minucium
1530 934 1582 1005 sic
1605 957 1679 1004 non

552 1055 737 1154 scripsisse
759 1055 862 1127 testis
885 1065 940 1127 est
961 1056 1038 1154 ipse
1061 1055 1179 1127 codex
1201 1053 1405 1142 Parisinus,
1435 1051 1498 1151 qui
1521 1077 1594 1124 non
1617 1051 1680 1123 ha-

550 1173 613 1246 bet
627 1166 807 1272 ‘quamdiu
822 1162 920 1264 euni,
945 1174 1010 1247 sed
1031 1165 1212 1272 ‘quamdiu
1227 1173 1321 1247 enim
1338 1198 1449 1247 eum..
1476 1185 1568 1246 caste
1584 1174 1679 1246 eolu-

553 1284 674 1369 eruat'.
712 1295 798 1367 hinc
827 1292 984 1366 efficitur
1013 1291 1057 1365 ab
1080 1293 1135 1366 his
1158 1292 1282 1366 uerbis
1304 1319 1441 1366 nouam
1465 1293 1680 1366 sententiam

553 1414 683 1505 ordiri,
723 1415 768 1486 ad
794 1413 917 1512 priora
952 1424 1076 1486 autem
1108 1413 1204 1486 ‘aum
1232 1425 1262 1487 et
1288 1413 1360 1510 a'pasa'
1384 1415 1486 1487 deum
1510 1399 1680 1485 nostrum'

555 1533 725 1622 ue1·‚bum
751 1559 822 1630 quo
841 1559 937 1606 enun
940 1534 1069 1605 tiatum
1089 1531 1319 1622 absoluatur,
1343 1533 1556 1606 desiderari:
1581 1533 1679 1629 quod

553 1655 659 1753 quale
680 1654 790 1727 fuerit
812 1664 910 1727 certo
934 1653 1090 1725 diuinari
1113 1679 1186 1726 non
1209 1662 1345 1752 potest,
1315 1654 1438 1726 tsed
1469 1653 1680 1749 scripsimus

562 1800 649 1848 nam
683 1786 715 1846 et
746 1773 819 1870 a‘pasi
848 1774 950 1846 deam
981 1791 1178 1847 nosram
1207 1773 1341 1871 experti
1378 1764 1478 1862 ruat',
1516 1771 1680 1844 utloous

554 1893 680 1967 saltem
700 1894 891 1964 commode
910 1892 980 1990 legi
1003 1904 1039 1966 et
1061 1903 1137 1966 rect
1140 1919 1159 1965 e
1177 1892 1336 1991 intellegi
1354 1901 1486 1992 posset.
1513 1891 1576 1963 tali
1594 1916 1681 1988 sup-

553 2013 736 2113 plemento
759 2011 922 2085 adhibito
950 2012 1023 2084 iam
1051 2012 1140 2085 illud
1169 2025 1200 2087 et
1232 2013 1304 2111 ipsi
1325 2039 1392 2086 suo
1416 2012 1495 2085 loco
1517 2012 1681 2108 positum

555 2132 719 2206 uidetur:
760 2144 796 2205 et
831 2133 900 2231 ipsi
935 2133 1043 2205 deum
1078 2134 1221 2232 experti
1256 2144 1364 2222 sunt,
1404 2143 1448 2203 ut
1470 2155 1595 2203 omnes
1620 2130 1682 2226 qui

556 2277 639 2324 eum
661 2251 830 2351 religiose
853 2252 1043 2326 coluerunt
1066 2278 1131 2326 nec
1164 2253 1208 2325 ab
1232 2252 1308 2325 eius
1332 2249 1521 2350 disciplina
1544 2249 1683 2322 deiece-

556 2383 652 2446 runt.
680 2398 764 2446 cum
787 2384 906 2447 autem
929 2383 987 2447 tot
1008 2372 1150 2447 indiciis
1179 2372 1379 2446 manifestis
1403 2369 1682 2469 comprobatum

555 2517 633 2567 esse
655 2492 824 2566 uideatur
846 2494 884 2566 in
911 2493 1164 2593 compluribus
1189 2493 1305 2567 nostri
1328 2491 1437 2564 libelli
1458 2491 1546 2565 locis
1569 2516 1681 2563 unum

555 2613 705 2713 pluraue
728 2612 903 2688 uocabula
925 2613 1157 2687 librariorum
1181 2611 1409 2712 neglegentia
1427 2611 1683 2711 praetermissa

558 2759 653 2824 esse,
680 2733 753 2806 iam
776 2759 886 2807 nemo
909 2733 1120 2825 mirabitur,
1149 2735 1248 2831 quod
1277 2759 1344 2806 nos
1368 2758 1511 2830 quoque
1534 2730 1580 2804 ad
1603 2730 1682 2803 illos

556 2852 777 2942 infinitiuos‚
808 2851 879 2950 qui
909 2878 943 2949 p.
969 2857 1003 2943 8,
1029 2857 1049 2925 9
1075 2878 1153 2952 sqq.
1177 2854 1222 2952 (c.
1246 2857 1267 2925 5
1292 2855 1312 2946 ξ
1337 2854 1376 2949 9)
1409 2851 1510 2949 quasi
1541 2850 1578 2923 in
1603 2853 1684 2922 aere

557 2973 754 3070 pendentes
776 2972 967 3071 leguntur,
995 2973 1153 3046 uerbum
1176 2999 1196 3045 a
1219 2997 1293 3070 quo
1317 2969 1484 3071 suspensi
1507 2970 1580 3043 sint
1598 2995 1682 3042 cum

557 3089 813 3165 Heumanno
838 3093 1050 3166 desiderare.

611 3212 695 3312 Cap.
721 3217 781 3303 14,
807 3217 824 3284 1
851 3213 1137 3286 emendationem
1161 3212 1357 3312 palmarem
1381 3212 1422 3286 G.
1447 3211 1485 3284 F.
1509 3212 1544 3284 S.
1568 3209 1684 3283 Stie-

559 3332 654 3406 beri
677 3332 850 3408 Onoldini
881 3358 928 3405 ex
956 3343 1223 3432 programmate
1255 3331 1439 3405 obliuione
1475 3332 1608 3404 obruto
1645 3330 1682 3402 in

558 3456 678 3528 lucem
701 3452 967 3553 protraximus3
993 3454 1024 3525 is
1041 3452 1137 3525 enim
1156 3453 1361 3527 acutissime
1383 3451 1561 3525 intellexit
1583 3452 1684 3548 inep-

559 3586 633 3648 tam
663 3575 857 3648 lectionem
884 3587 1064 3644 PISTORUM
1097 3584 1215 3647 ortam
1246 3598 1325 3646 esse
1356 3599 1403 3646 ex
1424 3573 1579 3671 genuina
1611 3585 1686 3638 ΧΡΙ-

559 3699 715 3774 S'T'ORUM,
742 3697 765 3770 i.
789 3721 818 3768 e.
842 3694 1124 3769 christianorum.
1148 3693 1243 3768 hunc
1265 3693 1443 3783 libellum,
1467 3716 1685 3792 quamquam

435 3899 437 3902 ,
560 3818 635 3891 eius
658 3815 785 3889 titulus
804 3816 840 3887 in
861 3813 1080 3888 editionibus
1100 3813 1230 3887 Bernh.
1253 3813 1451 3888 Luebkerti
1470 3823 1507 3886 et
1523 3811 1686 3884 Eduardi

562 3937 606 4010 de
640 3935 796 4008 Muralto
833 3934 1028 4025 indicatur,
1068 3935 1188 4008 nullus
1224 3960 1368 4026 eorum,
1410 3935 1472 4033 qui
1493 3932 1687 4008 Octauium

561 4057 770 4146 ediderunt,
814 4055 958 4128 uidetur
992 4055 1142 4146 uidisse,
1187 4081 1262 4128 non
1301 4054 1417 4154 magis
1455 4078 1561 4151 quam
1588 4053 1621 4123 J.
1647 4049 1685 4125 O.

561 4173 761 4249 Bremeri
796 4175 985 4274 epistolam
1022 4175 1183 4249 criticam
1218 4202 1326 4275 super
1365 4173 1503 4272 aliquot
1538 4169 1687 4243 Minucii

562 4293 650 4368 locis
669 4293 954 4394 (Quedlinburgi
975 4299 1082 4369 1780.
1101 4295 1175 4393 4⁰),
1199 4322 1309 4395 quam
1332 4321 1377 4369 ne
1399 4291 1505 4367 nobis
1529 4293 1693 4390 quidem,n

564 4441 780 4515 quamquam
802 4415 839 4489 in
856 4417 997 4515 'uiginti
1019 4417 1095 4491 fere
1117 4416 1346 4493 bibliothecis
1368 4413 1521 4516 publicis
1546 4412 1695 4512 quaesi--

564 4536 705 4628 uimus,
729 4538 893 4612 inuenire
915 4538 1080 4636 contigit.
