4050 5559
832 631 997 687 Octauius
1014 646 1037 684 c
1056 630 1174 689 13-15.
1525 629 1564 694 19

439 787 472 850 et
492 785 531 850 in
558 786 734 851 incredibili
753 805 862 851 uemm
882 787 913 852 et
928 786 961 851 in
976 785 1140 851 uerisimili
1154 784 1358 850 mendacium.
1381 783 1484 866 itaque
1504 798 1592 865 quob

439 889 564 970 saepius
587 889 870 954 adseuerationibus
892 889 1034 967 credunt,
1065 904 1099 953 eo
1123 888 1313 970 frequentius
1334 885 1564 971 aperitioribus

440 992 630 1075 arguuntur:
662 992 707 1056 sic
734 992 861 1056 adsidue
891 992 1067 1057 temeritate
1094 991 1213 1073 decepti
1240 991 1364 1072 culpam
1386 989 1494 1056 iudicii
1515 989 1564 1054 sui

439 1093 631 1160 transferunt
651 1095 691 1161 ad
712 1095 821 1160 incerti
842 1095 1027 1177 quondm,
1057 1095 1093 1158 ut
1114 1093 1269 1159 damnatis
1290 1093 1431 1158 omnibus
1453 1092 1565 1156 malint

417 1198 585 1262 anniuersa
606 1198 790 1281 suspendere
812 1217 904 1280 quam
926 1198 965 1262 de
988 1196 1151 1262 fallacibus
1173 1197 1317 1262 iudicare.
1355 1197 1455 1281 igitur
1475 1194 1592 1264 nobiso

438 1300 664 1382 prouidendum
682 1301 744 1379 cst,
766 1319 805 1365 ne
819 1301 888 1367 odic
903 1300 1073 1365 identidem
1095 1318 1268 1365 sermonum
1291 1299 1430 1364 omnium
1445 1299 1563 1364 labore·

438 1421 509 1469 mus
524 1404 587 1482 ita,
612 1405 647 1468 ot
661 1403 694 1467 in
709 1403 931 1468 execrationem
947 1405 978 1468 et
993 1403 1099 1467 odium
1115 1402 1275 1468 hominum
1289 1403 1428 1485 plerique
1442 1401 1563 1484 simpli·

439 1506 536 1570 dores
548 1505 721 1570 efferantur.
738 1525 809 1570 nam
824 1506 946 1571 incaute
959 1505 1074 1570 creduli
1089 1506 1370 1571 circumueniumur
1384 1505 1422 1570 ab
1437 1505 1477 1569 iis
1488 1522 1564 1587 quos

439 1607 534 1672 bonos
549 1609 751 1691 putauerrmt:
768 1627 838 1673 mor
854 1626 953 1673 errore
965 1608 1118 1673 consimili
1134 1609 1196 1672 iam
1208 1609 1355 1690 suspectis
1371 1608 1512 1673 omnibus
1528 1609 1564 1672 ut

404 1731 431 1770 ιο
438 1711 596 1793 improbos
612 1714 755 1776 metuunt
770 1712 865 1776 etiam
880 1730 955 1793 quos
970 1712 1103 1793 optimos
1114 1712 1225 1776 sentire
1237 1712 1410 1794 potuerunt.
1426 1730 1481 1776 nos
1492 1718 1591 1792 pro-7

439 1815 513 1880 inde
529 1815 670 1893 solliciti,
686 1815 767 1896 quod
782 1815 938 1896 utrimque
952 1815 1036 1879 omni
1051 1816 1088 1877 in
1099 1814 1222 1897 negotio
1238 1814 1405 1879 disseratur
1419 1815 1451 1877 et
1466 1833 1501 1878 ex
1516 1814 1563 1878 al-

438 1919 508 1982 tera
522 1919 609 2000 parte
629 1918 809 2001 plerumque
829 1917 957 1983 obscura
978 1917 1020 1981 sit
1040 1918 1169 1995 ueritas,
1193 1936 1229 1982 er
1249 1917 1346 1982 altero
1367 1918 1464 1982 latere
1484 1916 1565 1981 mira

439 2020 609 2098 subtilitas,
632 2040 710 2102 quae
732 2039 962 2101 nonnumquam
984 2020 1125 2084 ubertate
1153 2020 1273 2085 dicendi
1295 2020 1389 2086 fidem
1411 2020 1564 2085 confessae

438 2123 628 2205 probationis
643 2123 799 2201 imitetur,
816 2122 981 2206 diligenter
996 2123 1146 2204 quantum
1165 2123 1266 2205 potest
1281 2123 1403 2206 singula
1417 2124 1564 2206 pondere·

404 2256 429 2294 n
438 2247 521 2304 mus,
536 2228 572 2291 ut
582 2228 721 2311 argutias
736 2227 860 2309 quidem
875 2225 1011 2305 laudare,
1024 2245 1060 2291 ea
1074 2244 1145 2290 uero
1161 2245 1237 2307 quae
1248 2227 1332 2291 recta
1344 2227 1424 2305 sunt,
1441 2226 1563 2311 eligere,

438 2330 578 2414 probare,
595 2331 747 2413 suscipere
762 2330 924 2413 possimus.

481 2433 627 2512 Deoedis‚
642 2434 744 2515 inquit
758 2433 916 2511 Caecilius,
940 2432 1040 2498 officio
1055 2432 1165 2497 iudicis
1180 2432 1331 2517 religiosi:
1346 2452 1418 2497 nam
1428 2432 1564 2514 periniu·
1577 2433 1614 2496 15

438 2536 523 2601 rium
538 2538 585 2601 cst
600 2536 681 2601 uires
696 2537 728 2600 te
743 2536 872 2600 actionis
888 2554 974 2600 meae
989 2535 1176 2619 intergressu
1197 2535 1401 2618 grauissimae
1424 2535 1563 2616 disputa-

438 2639 535 2704 tionis
558 2639 742 2722 infringere,
766 2657 837 2702 cum
857 2637 1005 2703 Octauius
1035 2638 1157 2721 integra
1184 2639 1216 2702 et
1230 2638 1360 2703 inlibata
1375 2638 1484 2702 debeat
1500 2637 1563 2702 sin·

403 2769 429 2810 ro
439 2741 525 2828 gula,
542 2743 569 2807 si
580 2743 691 2825 potest,
704 2740 846 2806 refutare.
862 2741 899 2805 Id
911 2740 991 2823 quod
1003 2740 1184 2818 criminaris
1199 2740 1336 2823 inquam,
1348 2740 1381 2805 in
1393 2747 1591 2818 communen

438 2846 501 2910 nisi
515 2845 622 2921 fallor,
646 2845 848 2928 conpendium
862 2844 993 2925 protuli,
1018 2846 1054 2908 ut
1069 2844 1207 2909 examine
1228 2844 1406 2926 scrupuloso
1426 2843 1563 2908 nostram

437 2948 624 3013 sententiam
649 2966 710 3012 non
734 2948 924 3029 eloquentiae
948 2950 1084 3025 tumore,
1122 2949 1174 3012 sed
1200 2967 1303 3012 rerum
1328 2947 1465 3029 ipsarum
1490 2946 1564 3011 soli·

438 3051 539 3116 ditate
553 3051 716 3129 libremuS,
746 3070 801 3116 nec
816 3050 984 3128 auocanda,
1016 3051 1097 3132 quod
1112 3050 1261 3132 quereris,
1291 3049 1409 3115 diutius
1424 3048 1563 3126 intentio,

438 3175 512 3220 cum
540 3155 606 3220 toto
636 3154 758 3219 silentio
781 3154 874 3218 Hceat
899 3153 1125 3235 responsionem
1150 3153 1275 3217 Ianuari
1299 3152 1396 3216 nostri
1421 3152 1485 3216 iam
1509 3170 1563 3236 ge·

402 3257 562 3322 resticulis
577 3258 691 3322 audire.

481 3362 524 3426 Et
535 3359 697 3426 Octauius:
712 3361 822 3425 Dicam
837 3360 988 3443 equidem,
1005 3362 1041 3425 ut
1052 3360 1156 3442 potero
1171 3378 1225 3440 pro
1241 3357 1369 3435 uiribus,
1386 3357 1417 3420 et
1427 3356 1563 3420 adniten·
1577 3362 1615 3425 lo

438 3464 515 3528 dum
530 3464 589 3528 tibi
604 3482 725 3529 mecum
741 3465 797 3542 est,
814 3464 850 3528 ut
864 3463 1072 3529 conuiuiorum
1087 3461 1314 3527 amarissimam
1336 3459 1439 3524 labem
1454 3459 1563 3523 uerbo-

493 3649 509 3704 l
523 3651 550 3703 et
559 3649 711 3703 incredibili
721 3651 772 3717 Pr,
783 3666 828 3702 cnr.
841 3650 1001 3704 Balduinus
1021 3651 1033 3716 ΙΙ
1053 3648 1232 3703 uerisimileP
1268 3647 1285 3703 3
1296 3646 1437 3701 iudiciisui
1449 3646 1562 3715 scripsi:

437 3734 537 3788 iudicis
549 3737 599 3804 Pr,
609 3735 703 3789 iudicii
719 3738 871 3800 Woroerus,
883 3736 982 3790 iudices
994 3737 1147 3802 Meursius,·
1159 3736 1194 3801 cf.
1217 3734 1352 3802 Wopkens
1363 3734 1395 3787 in
1407 3734 1486 3787 Misc.
1504 3733 1562 3787 Obs.

437 3821 477 3888 X,
490 3824 529 3876 28
541 3828 567 3876 et
579 3822 729 3876 Heumann
750 3823 815 3890 VII,
833 3826 891 3876 268
937 3821 1132 3889 iquacrellam
1147 3822 1186 3886 P,
1207 3819 1342 3888 querelam
1358 3836 1374 3873 r
1396 3820 1408 3886 ΙΙ
1430 3819 1564 3873 damnatis

437 3906 608 3975 opiniom‘bus
628 3908 767 3975 Liudner,
791 3907 928 3977 ampliatis
949 3907 1070 3961 omnibus
1088 3907 1228 3960 Meursins
1245 3907 1256 3974 ΙΙ
1272 3905 1382 3958 mallint
1394 3907 1422 3960 P
1465 3904 1563 3960 dindi-

438 3993 499 4046 dem
509 3993 659 4062 Donrburt3
678 3995 713 4060 cf.
731 3993 842 4048 Hundr'i
865 3995 981 4048 Turseli.
1003 3996 1030 4061 3,
1052 3996 1104 4047 177
1160 3992 1178 4049 8
1197 3992 1341 4045 efferuntur
1358 3991 1503 4058 Danielus,
1534 3996 1564 4044 ui

438 4079 583 4133 efferantur
594 4086 666 4134 recte
677 4081 766 4134 initus
778 4086 817 4133 cst
826 4080 924 4134 Herem.
938 4080 996 4134 coil.
1006 4079 1087 4132 Liuii
1099 4081 1122 4142 5,
1141 4081 1252 4146 27,10,·
1273 4078 1336 4132 odd.
1352 4077 1415 4131 In'u.
1431 4079 1476 4144 33,
1489 4079 1534 4140 29,
1548 4081 1564 4130 1

449 4168 461 4232 11
477 4181 540 4218 nam
552 4164 615 4219 dum
626 4165 732 4219 incaute
744 4166 896 4219 Heumann
913 4166 925 4232 ΙΙ
942 4164 975 4218 ab
987 4164 1031 4218 his
1044 4165 1072 4218 P
1083 4170 1109 4218 et
1121 4164 1180 4218 edd.
1229 4164 1265 4221 11
1285 4163 1357 4218 omni
1368 4163 1397 4216 in
1408 4179 1472 4216 nos:
1491 4162 1563 4216 omni

439 4252 491 4319 Pr,
504 4250 616 4304 inomni
638 4251 756 4306 Vrsinus
809 4251 846 4308 12
864 4268 895 4304 ex
915 4251 1001 4304 altera
1018 4251 1088 4303 mira
1097 4250 1227 4315 Vrsinus,
1246 4267 1277 4304 er
1289 4250 1374 4303 altera
1391 4249 1478 4302 lateat
1495 4249 1564 4302 mira

443 4339 583 4392 Worocrus
630 4337 1090 4405 19debeathplrcnszhabeatPr
1133 4336 1173 4392 20
1181 4336 1297 4389 refutare
1310 4335 1466 4389 Herelius:
1487 4351 1563 4403 repu-

439 4425 499 4476 tare
511 4424 547 4491 P,
558 4423 703 4492 reputarir
766 4423 804 4480 23
816 4423 950 4491 quaereris
968 4424 995 4476 P
1014 4425 1026 4491 ΙΙ
1045 4425 1105 4476 tuto
1129 4422 1236 4476 silentio
1256 4422 1408 4476 Heurnunn
1476 4421 1514 4477 26
1532 4423 1564 4474 ut

438 4511 532 4579 potero
547 4510 681 4574 Wowero,
711 4515 808 4564 contra
828 4509 996 4562 chnonuo
1015 4524 1063 4577 pro
1086 4507 1189 4561 uiribus
1210 4507 1356 4563 delendum
1382 4506 1530 4561 uidebatur

440 4595 478 4651 27
499 4595 684 4649 comuitiorum
696 4596 724 4649 P
743 4611 812 4650 corr.
836 4595 868 4649 in
885 4594 1063 4648 conuiciorum

1315 4679 1358 4742 2*
