4050 5559
461 534 505 598 40
883 534 1024 589 Minucii
1043 535 1169 590 Felicis

433 688 521 758 6666.
554 688 626 753 hine
641 690 713 753 suut
727 688 759 753 et
773 688 927 768 furentes,
954 708 1030 772 quos
1052 690 1084 755 in
1099 692 1259 772 publicum
1279 693 1394 758 uidetis
1409 713 1582 773 excurrere,

462 792 550 856 uates
565 792 670 873 stipsi
685 792 800 874 absque
814 793 945 875 templo,
961 794 1005 858 sic
1016 793 1188 873 insaniunt,
1205 795 1249 860 sie
1259 796 1463 875 bacchantur,
1480 798 1584 862 61666-

461 895 581 959 tantur:
597 913 652 975 par
666 895 698 959 et
711 895 745 959 in
755 894 819 959 illis
830 896 991 980 instigatio
1003 896 1169 976 daemonis,
1185 898 1239 962 sed
1250 900 1469 982 argumentum
1481 899 1585 982 dispar

433 995 583 1066 41666616.
621 997 658 1062 de
672 997 748 1079 ipsis
765 998 859 1063 etiam
872 999 943 1077 illa,
970 1018 1048 1081 quae
1062 999 1153 1081 66616
1169 1003 1240 1066 ante
1254 1001 1313 1065 tibi
1335 1002 1521 1080 dictasunt,
1548 1004 1585 1067 66

462 1099 602 1182 Iuppiter
615 1100 704 1166 ludos
730 1103 881 1184 repeteret
895 1120 931 1167 ex
947 1103 1083 1181 somnio,
1099 1106 1136 1168 ut
1151 1123 1221 1169 cum
1242 1105 1328 1186 equis
1343 1104 1482 1170 Castores
1497 1106 1584 1170 uide·
1606 1131 1618 1170 s

433 1204 581 1280 urentur,
608 1205 644 1268 ut
658 1204 817 1288 cingulum
831 1205 989 1269 matronae
1012 1206 1156 1271 nauicula
1172 1207 1356 1288 sequeretur.
1385 1207 1461 1272 haec
1481 1208 1585 1272 omnia

462 1305 565 1373 sciunt
578 1307 724 1388 pleraque
737 1325 808 1388 pars
823 1308 963 1372 uestrum
977 1306 1060 1389 ipsos
1075 1309 1238 1373 daemonas
1254 1310 1291 1374 de
1303 1311 1475 1393 semetipsis
1490 1310 1584 1376 66611-

460 1409 537 1487 teri,
566 1408 708 1491 quotiens
723 1429 741 1474 a
755 1410 843 1474 nobis
865 1410 1027 1475 tormentis
1042 1411 1206 1499 uerborum
1229 1413 1260 1475 et
1274 1412 1420 1476 orationis
1435 1412 1584 1478 incendiis

433 1512 499 1578 6616
513 1512 689 1593 corporibus
714 1512 886 1596 exiguntur.
911 1512 976 1594 ipse
991 1512 1142 1578 Saturnus
1158 1516 1190 1578 66
1205 1513 1327 1597 Serapis
1350 1516 1381 1579 et
1396 1515 1536 1597 Iuppiter
1551 1516 1583 1580 et

461 1614 607 1697 quicquid
627 1615 811 1679 daemonum
831 1615 947 1693 ooiitis,
970 1616 1047 1680 uicti
1068 1617 1170 1682 dolore
1192 1617 1272 1698 quod
1294 1619 1366 1682 sunt
1389 1618 1581 1699 eloquuntur,
1593 1643 1618 1682 16

460 1736 515 1782 nec
529 1718 635 1800 utique
649 1718 683 1782 in
696 1717 921 1800 turpitudinem
936 1719 994 1796 sui,
1010 1720 1166 1785 nonnullis
1181 1720 1362 1801 praesertim
1373 1721 1513 1784 uestrum
1527 1721 1583 1784 ad·

433 1821 656 1899 usistentibus,
671 1820 873 1885 mentiuntur.
903 1821 979 1902 ipsis
994 1822 1143 1900 testibus,
1160 1841 1225 1887 esse
1241 1841 1290 1888 eos
1307 1823 1487 1901 daemonas,
1516 1842 1582 1889 ore·

460 1924 524 1988 dite
535 1923 640 1988 fassis:
656 1923 791 1988 adiurati
804 1923 886 1988 enim
898 1925 1059 2005 perDeum
1071 1943 1178 1989 uerum
1194 1926 1225 1990 66
1239 1925 1339 1990 solum
1353 1925 1446 1990 inuiti
1460 1926 1583 1991 miseris

460 2026 636 2108 corporibus
652 2026 861 2091 inhorrescunt
875 2027 907 2090 et
920 2026 971 2091 uel
986 2026 1117 2092 exiliunt
1131 2029 1239 2093 statim
1250 2029 1301 2092 661
1312 2031 1498 2093 6666666666
1511 2047 1582 2112 gra·

459 2130 576 2207 datim,
591 2131 682 2210 prout
696 2129 771 2194 fides
785 2129 932 2212 patientis
946 2130 1075 2195 adiuuat
1090 2132 1145 2195 666
1161 2131 1262 2216 gratia
1282 2131 1417 2196 curantis
1433 2131 1617 2213 adspirate

459 2232 504 2295 sic
518 2231 705 2297 Christianos
731 2233 769 2296 de
782 2232 920 2314 proximo
944 2231 1099 2318 fugitant,
1120 2252 1195 2316 quos
1215 2234 1306 2318 longe
1325 2235 1359 2299 in
1376 2234 1513 2298 coetibus
1530 2253 1583 2316 per

431 2341 515 2398 8666
529 2334 727 2399 lacessebant.
751 2334 820 2399 ideo
834 2334 942 2419 inserti
957 2335 1112 2401 mentibus
1126 2337 1341 2418 imperitorum
1356 2336 1463 2401 odium
1484 2337 1583 2401 nostri

460 2438 565 2502 serunt
579 2439 697 2502 occulte
711 2457 764 2519 per
778 2437 937 2502 timorem:
952 2438 1093 2503 naturale
1108 2440 1156 2504 est
1170 2439 1252 2503 enim
1268 2441 1299 2504 66
1313 2439 1413 2504 odisse
1434 2457 1526 2521 quem
1540 2440 1582 2504 ti·

460 2559 559 2618 meas,
576 2541 607 2605 et
621 2559 712 2623 quem
726 2541 872 2606 metueris
892 2540 1055 2619 infestare,
1071 2541 1098 2605 si
1112 2543 1218 2623 possis.
1244 2542 1287 2606 616
1303 2543 1450 2624 occupant
1464 2543 1583 2607 animos

460 2645 493 2709 et
507 2643 670 2708 obstruunt
690 2645 820 2725 pectora,
844 2645 880 2708 66
895 2645 965 2708 ante
980 2662 1035 2709 nos
1049 2644 1200 2727 incipiant
1220 2645 1358 2709 homines
1373 2645 1475 2710 odisse
1489 2664 1582 2727 quam
1591 2673 1617 2714 ao

459 2765 562 2825 nosse,
578 2765 616 2810 ne
631 2746 769 2830 cognitos
785 2746 840 2810 aut
854 2746 971 2811 imitari
986 2748 1104 2829 possint
1122 2749 1177 2812 aut
1193 2748 1336 2812 damnus
1349 2766 1410 2812 non
1425 2747 1551 2829 possint.

409 2844 450 2906 28
503 2847 602 2927 Quam
617 2851 722 2914 autem
736 2849 853 2939 inicum
868 2850 920 2928 sit,
936 2849 974 2913 de
987 2851 1152 2935 incognitis
1175 2853 1206 2915 66
1221 2851 1420 2933 inexploratis
1435 2851 1580 2928 iudicare,

430 2953 540 3033 nquod
555 2950 675 3029 1661616,
690 2951 779 3016 nobis
793 2951 870 3032 ipsis
884 2953 1112 3033 paenitentibus
1127 2953 1249 3018 credite.
1282 2954 1312 3017 66
1326 2971 1381 3017 nos
1400 2952 1483 3016 enim
1497 2953 1581 3017 idem

459 3052 589 3118 fecimus
602 3055 633 3118 66
647 3054 754 3119 eadem
767 3055 929 3120 uobiscum
945 3057 1098 3137 quondam
1113 3057 1212 3121 adhuc
1227 3056 1309 3121 caeci
1324 3057 1355 3120 et
1369 3056 1495 3120 hebetes
1509 3073 1578 3119 sen·

458 3156 629 3237 tiebamus,
655 3157 743 3240 quasi
758 3156 926 3223 Christiani
951 3161 1089 3225 monstra
1104 3159 1246 3258 66166666,
1271 3157 1403 3222 16166666
1426 3147 1617 3235 uererentur

510 3380 525 3431 1
537 3378 599 3434 binc
617 3381 679 3433 sunt
690 3379 841 3445 Danaeius:
852 3378 882 3432 hi
894 3381 957 3432 sunt
969 3380 1020 3447 Pr,
1035 3380 1067 3434 de
1080 3379 1123 3432 his
1136 3381 1199 3432 suut
1213 3379 1365 3432 Heumann
1417 3378 1435 3434 2
1453 3377 1582 3431 uacehan-

457 3466 504 3519 tur
514 3466 553 3518 Ρι
599 3465 616 3520 7
628 3465 753 3535 pleraque
761 3481 823 3534 pars
828 3465 980 3519 Danielus:
990 3466 1110 3534 plerique
1119 3481 1181 3534 pars
1191 3464 1225 3528 P,
1235 3464 1354 3532 plerique
1363 3480 1379 3517 r
1388 3470 1414 3518 et
1423 3464 1479 3518 cod.
1491 3465 1580 3519 Bene.

468 3553 481 3619 ΙΙ
497 3552 555 3620 1666
564 3551 704 3605 daemonas
714 3551 746 3605 de
756 3553 840 3605 semet
849 3551 920 3620 ipsos
932 3552 960 3606 P
967 3568 1011 3619 66.
1025 3568 1058 3604 on.
1069 3550 1116 3604 6661
1128 3566 1196 3604 6666.
1207 3566 1241 3603 na
1252 3552 1274 3602 2
1310 3549 1481 3606 ·8.orationis
1493 3549 1581 3618 inocu-

457 3636 524 3690 tiuis
534 3637 636 3691 Vsener
683 3637 719 3692 12
731 3636 829 3690 credite
838 3637 917 3690 fassis
922 3638 1087 3706 Anonyonns
1095 3637 1127 3689 c'n
1132 3636 1246 3689 Miscell.
1257 3635 1379 3690 Obsessa.
1387 3636 1439 3702 IV,
1446 3638 1516 3688 423:
1527 3651 1582 3694 666-

457 3721 515 3776 dite
527 3722 605 3775 fessis
617 3723 645 3776 P
659 3738 705 3790 66.
718 3740 751 3776 en.
765 3723 812 3776 sed
823 3723 900 3777 fessis
913 3739 1034 3791 6666666,
1052 3722 1084 3776 (16
1097 3737 1124 3774 66
1141 3737 1233 3775 uerum
1245 3720 1432 3775 confitentibus
1445 3719 1544 3774 credite
1556 3721 1584 3774 P

458 3824 527 3862 6666.
541 3813 567 3862 et
578 3824 608 3875 6,·
627 3809 662 3875 cf.
682 3809 763 3877 0666.
776 3809 806 3861 161
817 3811 910 3863 tamen
924 3809 1043 3863 adiurati
1054 3824 1101 3877 per
1112 3808 1223 3860 Deum..
1243 3808 1337 3860 statim
1348 3806 1445 3860 cedunt
1457 3807 1485 3859 et
1496 3806 1581 3860 faten-

456 3883 503 3947 adr
512 3899 559 3947 ete.
608 3893 645 3950 13
657 3894 761 3948 miseris
772 3894 917 3949 Gelenius:
926 3894 1019 3949 miseri
1025 3894 1166 3964 Prtdlqpr.
1178 3894 1284 3947 obsessa
1296 3897 1413 3962 corpora)
1419 3914 1426 3956 ;
1439 3894 1474 3959 cf.
1487 3893 1580 3960 Woplc.

454 3996 484 4048 6.
495 3982 532 4032 43
578 3977 614 4035 16
627 3983 692 4047 quoe
700 3979 778 4048 longe
790 3996 806 4033 a
820 3981 939 4034 coetibus
948 3997 995 4049 per
1006 3996 1053 4034 uos
1063 3980 1195 4033 lacessant
1204 3979 1310 4033 Vahlen
1322 3979 1379 4033 coll.
1387 3979 1465 4032 ant.
1477 3978 1543 4032 LD.
1555 3982 1580 4041 4,

457 4083 479 4122 6.
492 4069 531 4120 27
541 4067 580 4120 in
635 4064 672 4121 18
684 4065 782 4120 timens
791 4066 818 4119 P
829 4067 923 4120 littero
934 4082 952 4120 n
960 4072 1107 4134 66661666,
1120 4066 1200 4119 times
1212 4081 1243 4132 6;
1256 4064 1419 4119 6166666666
1427 4064 1505 4118 hebet
1517 4079 1581 4132 opo·

456 4153 594 4221 6666666
606 4153 734 4206 Parisina'
746 4152 926 4206 Brnnellenee
985 4151 1022 4208 19
1041 4167 1118 4220 quem
1130 4150 1217 4204 oderis
1230 4149 1437 4208 Freinshemius
1452 4147 1490 4203 nd
1502 4150 1579 4205 eoae.

461 4236 544 4304 VIII,
555 4241 598 4306 10,
611 4241 634 4291 1.
648 4239 705 4292 6611.
718 4237 770 4293 016.
781 4237 816 4291 de
824 4238 869 4304 off.
881 4238 951 4305 11,7
966 4237 978 4305 ΙΙ
994 4236 1135 4291 infestares
1148 4237 1172 4290 si
1181 4237 1209 4291 P
1215 4252 1260 4305 66.
1274 4252 1307 4288 m.
1356 4234 1394 4290 22
1407 4234 1581 4302 6666666161-

456 4339 517 4376 cum
526 4323 566 4377 P:
585 4323 719 4389 Quantum
737 4326 826 4377 autem
834 4323 934 4377 uitium
945 4340 961 4377 6
977 4324 989 4390 ΙΙ
1005 4323 1038 4377 de
1047 4323 1191 4392 incognitis
1201 4322 1299 4378 Coreto
1309 4320 1425 4376 Phnend.
1438 4323 1467 4388 2,
1480 4325 1530 4375 18:
1549 4320 1582 4374 de

455 4425 506 4464 om.
520 4409 571 4477 Pr,
583 4409 612 4463 in
623 4410 726 4480 iueogn
739 4410 882 4464 Menenius
937 4409 975 4466 23
987 4409 1170 4478 penitentibus
1180 4409 1213 4473 P,
1224 4405 1321 4477 poenit.
1335 4421 1351 4458 6
1407 4405 1445 4462 24
1462 4406 1573 4461 fecimus

461 4494 611 4564 Wopkens.-
621 4495 782 4563 1616666Ρ6,·
792 4498 827 4563 cf.
838 4497 919 4562 infru
922 4512 951 4563 6.
959 4498 1043 4563 41,15
1054 4497 1066 4564 ΙΙ
1077 4495 1174 4550 haebet
1183 4501 1225 4548 see
1235 4490 1303 4557 esP,
1310 4489 1405 4544 6661666
1415 4499 1583 4560 6666661666
