4050 5559
833 663 996 720 Octauius
1014 677 1035 716 o.
1057 661 1175 718 17-18.
1521 660 1563 726 23

438 820 516 886 tudo
531 820 633 885 Deum
648 819 765 885 fatetur
778 819 942 884 artificem:
959 820 1060 883 status
1074 818 1203 902 rigidus,
1218 817 1325 883 uultus
1340 817 1468 894 erectus,
1482 816 1563 880 oculi

438 925 473 988 in
487 904 610 989 summo
625 923 713 987 uelut
727 923 759 986 in
774 921 896 1004 specula
910 921 1070 986 constituti
1085 922 1116 985 et
1130 938 1235 984 omnes
1249 919 1341 984 ceteri
1358 936 1462 983 sensus
1477 918 1563 983 uelut

429 1027 473 1097 ¹in
487 1044 557 1092 arce
571 1026 743 1109 compositi.

484 1130 627 1214 Longum
642 1131 691 1194 est
705 1130 749 1194 ire
764 1149 819 1212 per
830 1129 961 1213 singula.
991 1128 1070 1193 nihil
1092 1129 1124 1192 in
1145 1127 1268 1192 homine
1282 1127 1490 1192 membrorum
1505 1127 1563 1203 est,
1576 1127 1614 1189 18

417 1231 523 1314 nquod
537 1249 599 1296 non
613 1233 644 1296 et
658 1231 851 1297 necessitatis
866 1249 957 1297 causa
971 1232 1013 1295 sit
1028 1232 1059 1296 et
1073 1230 1204 1308 dosoris,
1227 1232 1258 1295 et
1279 1229 1360 1312 quod
1379 1228 1480 1314 magis
1503 1228 1563 1292 mi-

439 1354 512 1399 rum
527 1334 591 1412 est,
615 1334 721 1399 eadem
743 1334 841 1418 ligura
861 1333 1018 1411 omnibus,
1050 1333 1104 1397 sed
1118 1332 1268 1415 quaedam
1288 1332 1451 1414 unicuique
1471 1331 1564 1396 linia·

440 1437 550 1502 menta
565 1435 697 1501 deflexa:
714 1437 758 1500 sic
773 1438 805 1501 et
819 1436 936 1502 similes
951 1436 1088 1501 uniuersi
1105 1436 1246 1500 uidemur
1261 1438 1292 1500 at
1306 1436 1387 1500 inter
1401 1453 1433 1500 se
1448 1434 1564 1518 singuli

438 1539 609 1604 dissimiles
629 1539 813 1605 inuenimur.
844 1539 918 1621 quid
938 1539 1081 1604 nascendi
1109 1539 1209 1603 ratio?
1230 1537 1304 1620 qnid
1329 1538 1437 1620 cupido
1472 1547 1593 1621 gene-2

439 1642 552 1706 randi?
567 1660 665 1706 nonne
680 1662 699 1708 a
713 1643 777 1706 Deo
792 1642 866 1707 data
880 1643 936 1720 est,
952 1644 983 1706 et
998 1643 1034 1706 ut
1048 1642 1143 1707 ubera
1157 1641 1248 1724 partu
1263 1641 1484 1706 maturescente
1499 1640 1564 1705 lac·

404 1767 431 1806 ιο
438 1745 561 1810 tescant
575 1746 607 1808 et
620 1747 657 1810 nt
671 1746 756 1809 tener
771 1745 850 1810 fetus
865 1745 1005 1809 ubertate
1019 1744 1110 1810 lactei
1131 1744 1208 1810 roris
1224 1744 1397 1809 adolescat?
1419 1762 1473 1808 nec
1494 1743 1592 1810 uni-3

438 1847 584 1913 nomitati
599 1848 790 1912 solummodo
802 1849 895 1928 Deus,
911 1847 964 1913 sed
979 1849 1011 1913 et
1022 1848 1161 1931 partibus
1177 1847 1317 1912 consulit.
1331 1847 1491 1912 Britannia
1502 1846 1565 1912 sole

439 1950 597 2029 deficitur,
613 1952 666 2016 sed
682 1951 919 2016 circumfluentis
934 1950 1029 2016 maris
1043 1952 1146 2033 tepore
1161 1952 1330 2016 recreatur:
1356 1950 1491 2034 Aegypti
1505 1949 1565 2013 sic·

440 2054 571 2118 citatem
585 2054 737 2136 temperat
747 2053 840 2118 Nilus
854 2054 963 2132 amnis,
979 2054 1152 2135 Euphrates
1166 2054 1421 2136 Mesopotamiam
1435 2070 1489 2135 pro
1505 2053 1565 2116 im·

439 2155 550 2221 bribus
566 2157 688 2239 pensat,
704 2156 799 2221 Indus
813 2154 928 2221 flumen
944 2159 975 2222 et
991 2175 1088 2222 serere
1110 2154 1265 2221 Orientem
1281 2156 1395 2220 dicitur
1407 2158 1439 2222 et
1453 2156 1563 2240 rigare.

405 2259 524 2340 requod
544 2258 573 2322 si
595 2259 752 2342 ingressus
772 2259 908 2340 aliquam
923 2260 1050 2323 domum
1064 2259 1166 2323 omnia
1180 2259 1314 2336 exculta,
1331 2259 1495 2340 disposita,
1516 2272 1595 2325 or·4

439 2362 517 2426 nata
531 2360 677 2439 uidisses,
693 2362 800 2444 utique
814 2380 953 2444 praeesse
968 2362 997 2426 ei
1012 2362 1147 2426 crederes
1162 2360 1320 2425 dominum
1343 2362 1374 2425 et
1393 2360 1458 2426 illis
1478 2361 1566 2426 bonis

441 2464 535 2528 rebus
549 2463 650 2527 mrilto
665 2482 730 2528 esse
744 2464 912 2529 meliorem.
934 2464 980 2529 ita
998 2465 1031 2529 in
1046 2464 1103 2529 hac
1117 2463 1225 2528 mundi
1240 2462 1330 2528 domo
1355 2483 1426 2527 oum
1447 2463 1567 2528 caelum

440 2565 831 2649 terramquesuperspicias
865 2567 1105 2650 prouidentiam,
1140 2566 1295 2644 ordinem,
1328 2567 1445 2648 legem,
1480 2567 1566 2630 creda

441 2685 509 2732 esse
523 2667 736 2733 uniuersitatis
752 2670 910 2734 dominnm
925 2669 1142 2751 parentemque
1162 2668 1238 2751 ipsis
1255 2668 1405 2733 sideribus
1426 2668 1457 2732 et
1471 2667 1567 2731 totius

405 2770 553 2838 nmundi
573 2773 713 2854 partibus
735 2772 956 2856 pulchriorem:
977 2773 1010 2837 ni
1032 2773 1125 2851 forte,
1153 2774 1297 2855 quoniam
1319 2772 1355 2837 de
1375 2771 1595 2855 prouidentiae

442 2874 532 2940 nulla
546 2874 700 2940 dubitatio
715 2878 778 2954 est,
794 2876 1011 2957 inquirendum
1026 2877 1136 2958 putas,
1152 2877 1259 2940 utrum
1278 2875 1370 2940 unius
1385 2874 1514 2958 imperio
1529 2893 1568 2938 an

441 2978 571 3042 arbitrio
596 2978 800 3060 plurimorum
821 2980 951 3044 caeleste
977 2983 1108 3063 regnum
1129 2979 1330 3063 gubemetur;
1365 2977 1445 3060 quod
1465 2978 1567 3059 ipsum

439 3098 503 3146 non
518 3082 566 3146 est
580 3081 673 3146 multi
687 3081 801 3146 laboris
822 3083 939 3164 aperire
962 3081 1111 3166 cogitanti
1136 3082 1266 3164 imparia
1291 3082 1424 3160 terrena,
1456 3080 1567 3162 quibus

549 3301 661 3358 12-14
674 3301 815 3356 secundum
828 3302 881 3357 Cic.
895 3301 926 3355 de
939 3301 1007 3356 deor.
1021 3304 1076 3355 nat.
1090 3301 1125 3366 H,
1139 3303 1163 3369 ὅ,
1178 3302 1236 3359 130

495 3507 625 3562 2sensus
636 3523 667 3560 r:
687 3507 789 3571 sensib;
809 3509 836 3560 P
857 3509 869 3574 ΙΙ
892 3507 972 3560 uelud
985 3509 1012 3560 P
1063 3507 1081 3563 3
1100 3506 1224 3576 dispositi
1243 3506 1395 3560 Heumann
1452 3504 1567 3562 tunia-

440 3595 536 3645 menta
547 3592 604 3645 Pr:
623 3592 786 3645 linoamonta
798 3593 857 3646 edd.
871 3595 1034 3660 posteriores
1086 3593 1103 3649 9
1122 3592 1186 3646 data
1198 3594 1260 3645 sunt
1272 3591 1408 3645 Daumius
1462 3590 1497 3646 10
1513 3590 1568 3643 fce-

441 3679 517 3730 tusr
565 3677 600 3732 11
614 3678 748 3730 consuluit
759 3678 910 3731 Heumann
927 3681 939 3747 ΙΙ
955 3679 1094 3747 bryttania
1104 3680 1131 3731 P
1177 3677 1212 3734 13
1229 3678 1315 3730 amnis
1327 3677 1379 3731 del.
1391 3678 1529 3732 Womerue
1545 3677 1557 3744 ll

442 3761 520 3817 colet*
533 3761 648 3815 eufrates
670 3764 698 3816 P
702 3783 713 3830 ‚·
731 3763 800 3816 colet
813 3779 862 3816 nos
877 3770 988 3817 auctore
1000 3764 1143 3817 Bursiano
1155 3764 1319 3830 deleuimue;
1336 3764 1421 3832 uulgo
1441 3763 1515 3817 loeus
1535 3777 1570 3815 eu

441 3848 582 3901 sententio
601 3847 716 3901 Danieia'
734 3849 774 3902 sic
794 3849 1060 3918 interpunpebatur:
1084 3849 1149 3902 colit
1169 3848 1319 3918 Euphrates
1339 3847 1568 3916 Mesopotamiam,

441 3949 490 4001 pro
499 3932 631 3986 imbribus
642 3935 737 4002 pensat
748 3933 830 3986 Indus
840 3932 937 3987 flumen
946 3936 974 3987 et
986 3950 1071 3987 serere
1081 3941 1128 3988 ete.
1141 3933 1278 3988 Glossema
1289 3935 1492 3988 iomHeraldua
1503 3934 1568 3987 odo·

441 4024 568 4086 rauerot,
579 4018 627 4072 sed
631 4035 779 4086 perperam
786 4021 872 4072 uerbo
880 4036 926 4089 pro
936 4020 1066 4073 imbribus
1077 4022 1172 4088 pensat
1184 4022 1296 4074 emulare
1307 4021 1425 4074 deusserat
1461 4020 1497 4076 17
1510 4036 1570 4072 cnm

441 4103 589 4172 perspicias
609 4104 806 4172 prouidentiam
827 4105 956 4158 Lindner
977 4105 1073 4159 deletis
1092 4107 1183 4159 uerbis
1204 4106 1306 4159 caelum
1325 4108 1491 4173 terramque;
1510 4121 1570 4158 cum

443 4205 463 4242 c.
477 4191 498 4242 t.
511 4189 673 4258 perspiciens
685 4189 882 4259 prouidentiam
893 4191 1012 4244 ordinem
1024 4191 1112 4260 legem
1124 4191 1213 4256 uides,
1242 4191 1317 4245 crede
1330 4192 1481 4245 Heumann
1485 4211 1496 4259 ,·
1520 4206 1570 4245 nos

446 4275 581 4328 Vaddenio
592 4281 704 4329 numere
716 4276 833 4329 lacunae
844 4277 955 4344 signum
967 4279 1111 4344 posuimus
1115 4319 1124 4345 ,
1143 4293 1205 4330 cnm
1223 4278 1316 4345 potius
1332 4277 1516 4346 participium
1537 4280 1570 4330 ut

442 4359 609 4429 perlustrans
628 4360 800 4414 intercidisse
819 4361 951 4415 uideatur
1004 4362 1040 4418 19
1060 4362 1196 4416 siderebus
1209 4364 1249 4416 P¹
1296 4362 1336 4418 20
1347 4363 1401 4415 nisi
1412 4363 1481 4416 forte
1490 4364 1569 4416 Heu·

442 4462 531 4500 mann
575 4446 614 4501 22
625 4447 742 4515 plurium
753 4446 904 4501 Guilelmus
909 4449 1006 4517 Meyer
1012 4490 1021 4516 ‚
1034 4449 1136 4502 sodalis
1145 4449 1303 4517 philologici
1313 4450 1456 4502 seminant
1468 4449 1569 4501 Mona·

443 4531 533 4586 censio
578 4529 617 4588 23
628 4533 721 4586 malim
732 4534 846 4597 terrena,
861 4533 998 4602 aquibus,·
1011 4535 1047 4601 cf.
1061 4535 1141 4604 Oppr.
1155 4534 1189 4588 de
1200 4552 1266 4588 uon.
1280 4534 1344 4588 idol.
1358 4538 1389 4589 5:
1404 4534 1437 4587 ad
1449 4534 1570 4587 diuinum

442 4616 586 4685 imperium
599 4617 683 4670 etiam
695 4618 726 4671 de
738 4619 818 4671 terris
830 4621 982 4672 mutuemur
991 4620 1139 4689 exemplum
