4050 5559
494 687 532 738 VI

494 840 610 940 possit
633 839 721 938 quid
743 840 779 913 in
804 840 928 914 codiee
952 841 1059 913 unico
1084 840 1259 940 scriptum
1283 845 1500 918 inueniatur.
1550 853 1623 915 tam

494 959 660 1058 diligenti
683 985 768 1033 cura
790 986 832 1033 eo
856 960 970 1059 magis
995 986 1086 1060 opus
1110 985 1187 1034 esse
1211 952 1421 1054 uidebatur,
1452 989 1524 1062 quo
1544 988 1624 1035 cor·

494 1080 637 1180 ruptior
659 1079 800 1154 libellus
822 1081 868 1153 ad
891 1107 958 1154 nos
980 1081 1141 1178 perlatus
1164 1093 1228 1155 est.
1252 1083 1358 1157 multi
1380 1082 1556 1182 philologi
1579 1083 1625 1155 de

492 1226 536 1274 eo
560 1201 785 1274 emendando
809 1200 945 1299 optime
976 1212 1203 1292 meruerunt,
1239 1229 1286 1276 ex
1318 1203 1449 1301 quibus
1481 1213 1624 1302 praeter

495 1332 636 1394 ceteros
673 1320 885 1393 nominandi
920 1331 1006 1393 sunt
1039 1320 1237 1394 Fuluius
1260 1321 1458 1397 Vrsinus
1490 1323 1621 1413 ItaluS,

491 1441 557 1513 do.
580 1440 811 1514 Meursius
834 1439 1103 1538 Francogallus,
1131 1441 1155 1512 J
1167 1469 1198 1515 o.
1223 1441 1444 1517 Dauisius
1467 1442 1622 1539 Anglus,

494 1558 745 1634 Cornelius
769 1558 987 1633 Valerius
1010 1558 1170 1633 Vonok
1192 1562 1362 1654 Batauus,
1391 1564 1455 1636 Jo.
1488 1589 1508 1633 a
1529 1561 1624 1635 Wo-

492 1705 583 1752 wer
605 1678 1193 1777 etOhrist.Aug.Heumann
1219 1680 1398 1756 Germani.
1417 1684 1481 1755 sed
1499 1708 1624 1781 quam-

492 1825 603 1897 quam
626 1798 730 1872 multi
752 1798 822 1872 loci
845 1800 1010 1897 corrupti
1041 1799 1205 1898 priorum
1234 1801 1390 1900 ingeniis
1421 1813 1520 1875 certo
1545 1827 1624 1875 cor-

495 1921 585 1993 recti
607 1930 704 2009 sunt,
727 1918 826 2016 larga
840 1929 960 1992 tamen
975 1920 1190 1992 emendandi
1204 1921 1306 2020 copia
1320 1933 1356 1995 et
1370 1920 1475 1994 nobis
1498 1921 1625 1995 relicta

493 2051 571 2113 erat
594 2053 630 2112 et
652 2049 737 2137 post
749 2051 911 2111 nostram
925 2040 1195 2137 amicorumque
1210 2066 1332 2115 curam
1345 2042 1501 2140 posteris
1516 2041 1624 2114 relin-

492 2171 637 2257 quetur.
666 2157 835 2255 quoniam
858 2169 978 2232 autem
1008 2185 1029 2230 a
1058 2159 1265 2257 scripturis,
1297 2187 1387 2259 quae
1409 2162 1447 2233 in
1471 2159 1623 2234 nouissi-

496 2279 564 2352 mis
587 2277 698 2350 libelli
721 2278 989 2376 exemplaribus
1013 2278 1336 2372 eircumferuntur,
1358 2307 1530 2380 persaepe
1550 2280 1623 2354 dis·

494 2398 682 2488 cessimus,
706 2397 803 2470 haud
825 2397 888 2472 abs
911 2424 951 2472 re
973 2387 1093 2471 uisum
1116 2410 1171 2472 est
1193 2401 1238 2473 de
1257 2401 1502 2499 compluribus
1521 2399 1623 2492 looiS,

385 2516 392 2529 ⁵
494 2544 651 2616 quorum
682 2519 791 2592 lectio
821 2518 939 2592 adhuc
969 2519 1107 2593 incerta
1139 2530 1202 2592 aut
1223 2519 1311 2592 falsa
1341 2519 1549 2612 uidebatur,
1584 2521 1624 2592 in

495 2639 562 2712 bac
583 2637 804 2736 praefatione
826 2638 933 2735 paulo
963 2638 1163 2712 accuratius
1193 2638 1377 2738 disputare
1408 2650 1624 2738 nostrasque

495 2758 652 2831 rationes
675 2755 846 2831 breuibus
865 2757 1088 2855 argumentis
1107 2758 1331 2835 confirmare.
1355 2760 1400 2830 ad
1420 2785 1526 2857 quam
1546 2785 1623 2832 rem

496 2876 707 2975 priusquam
730 2876 1004 2974 adgrediamur,
1036 2878 1159 2952 amicis
1183 2878 1435 2951 Dombarto
1458 2890 1494 2951 et
1516 2878 1624 2953 Vse-

493 3021 625 3086 nero,
661 2998 698 3068 in
726 2995 858 3094 primis
886 3007 1005 3070 autem
1029 2996 1261 3072 Vahlenio
1284 2997 1465 3071 maximae
1486 2997 1624 3094 gratiae

494 3114 638 3215 publice
659 3116 819 3213 agendae
840 3127 945 3206 sunt,
970 3117 1086 3216 quod,
1110 3144 1201 3216 quae
1220 3118 1289 3217 ipsi
1307 3119 1344 3190 in
1363 3117 1484 3191 libello
1504 3141 1624 3189 emen·

494 3237 688 3324 dauerant,
723 3261 763 3308 ea
792 3235 1074 3334 promptissimis
1097 3238 1228 3311 animis
1250 3262 1392 3311 mecum
1422 3236 1623 3310 communi-

496 3381 577 3430 care
599 3355 801 3430 uoluerunt.
839 3355 1038 3431 Vahlenius
1062 3368 1182 3430 autem
1214 3384 1254 3431 ea
1284 3384 1323 3431 re
1354 3359 1516 3431 nondum
1540 3382 1623 3430 oon·

492 3486 615 3548 tentus
659 3501 741 3548 cum
783 3475 821 3548 in
860 3476 1013 3575 plagulis
1050 3476 1273 3573 corrigendis
1318 3476 1439 3550 labore
1475 3477 1622 3566 sociato,

495 3607 574 3668 tum
607 3594 645 3667 in
683 3594 849 3668 uniuersa
885 3595 996 3670 libelli
1038 3596 1248 3670 recensione
1283 3596 1418 3671 iudicio
1454 3622 1520 3670 suo
1556 3623 1623 3670 nos

499 3715 645 3813 egregie
666 3715 814 3788 adiuuit.

547 3834 618 3908 Sed
642 3845 683 3907 ut
713 3861 733 3906 a
761 3834 841 3909 loco
871 3836 1109 3910 uexatissimo
1140 3836 1343 3929 ordiamur,
1382 3838 1420 3910 in
1452 3848 1624 3936 corrupta

490 3953 624 4028 codicis
648 3955 828 4054 scriptura
851 3980 925 4055 cap.
953 3961 987 4047 5,
1011 3959 1031 4051 ξ
1059 3962 1080 4030 5
1113 3947 1203 4030 ‘cum
1226 3969 1361 4032 tautum
1389 3957 1481 4030 obsit
1502 3957 1547 4029 ab
1570 3981 1624 4029 aa·

483 4072 686 4171 ploratione
707 4074 836 4148 diuina
867 4075 1025 4150 bumana
1057 4058 1301 4165 mediocritas,
1340 4088 1381 4151 ut
1401 4101 1512 4175 neque
1534 4099 1625 4173 quae

487 4219 601 4290 supra
617 4217 682 4267 nos
699 4194 794 4269 caelo
817 4221 988 4294 suspensa
1009 4195 1153 4270 sublata
1175 4209 1258 4271 sunt
1279 4221 1389 4296 neque
1412 4220 1539 4295 quoe..
1564 4194 1624 4268 de·

489 4337 605 4386 mersa
625 4326 723 4405 sont,
761 4327 824 4390 act
844 4316 933 4390 scire
961 4315 1009 4390 sit
1038 4316 1162 4390 datum
1197 4329 1238 4391 ut
1265 4328 1423 4390 scrutare
1445 4314 1485 4412 (i.
1509 4338 1538 4387 e.
1562 4326 1626 4388 aut

488 4433 658 4528 scrutari)
671 4435 885 4531 permissum
905 4447 968 4511 act
988 4436 1201 4533 stuprari
1222 4427 1438 4533 religiosum
1461 4433 1500 4506 id
1526 4435 1625 4531 quod

491 4552 600 4651 uulgo
632 4578 679 4627 ex
713 4555 806 4628 dos.
830 4554 1068 4654 Scaligeri
1103 4556 1309 4631 coniectura
1345 4553 1516 4628 scribitur
1553 4566 1617 4628 aut
