4050 5559
549 641 601 694 XX

520 806 523 811 ’
548 799 683 871 mentis
710 807 924 895 poetarum,
952 798 1016 893 qui
1042 796 1132 869 deos
1159 795 1323 870 humana
1349 797 1523 871 facientes
1546 805 1582 869 et
1603 822 1670 893 pa·

548 918 682 992 tientes
709 916 851 1016 fingant
875 917 927 1018 (p.
952 918 1012 1006 32,
1038 918 1085 988 22
1109 915 1215 1013 sqq).
1241 941 1342 989 nunc
1370 915 1520 990 demum
1554 917 1675 989 oratio

547 1036 588 1109 in
614 1035 738 1110 codice
764 1036 811 1110 ad
838 1060 972 1109 uerum
1011 1035 1182 1108 ordinem
1222 1035 1319 1108 redit
1357 1037 1396 1108 in
1435 1036 1510 1109 illis
1549 1036 1675 1108 uerbis

549 1155 598 1253 (p.
622 1158 682 1244 33,
707 1156 790 1252 22):
827 1155 903 1254 quis
929 1179 1012 1252 erqo
1039 1151 1174 1228 dubitat
1199 1152 1381 1228 laomellum
1416 1155 1485 1254 [sic
1512 1157 1676 1228 correxi·

547 1299 632 1347 mus
658 1274 737 1347 eius
763 1275 846 1348 loco
875 1274 975 1373 quod
1002 1275 1081 1348 cod.
1109 1272 1220 1347 habet
1241 1272 1381 1372 horum]
1400 1275 1572 1371 imapt'aes
1591 1299 1675 1347 ooa-

547 1407 702 1468 secratus
727 1395 855 1492 culpus
882 1419 987 1467 orara
1022 1406 1054 1468 et
1073 1391 1214 1490 publice
1250 1396 1360 1468 colere
1383 1404 1448 1466 etc.
1490 1394 1676 1490 aquibus

524 1538 646 1588 noua
684 1539 772 1612 pars
812 1513 1092 1612 disputationis,
1127 1513 1317 1587 idolorum
1344 1513 1487 1603 irrisi0,
1517 1513 1674 1586 orditur.

547 1642 590 1706 ut
611 1643 736 1707 autem
758 1633 881 1731 prima
903 1632 1087 1730 partium,
1110 1658 1203 1731 quas
1226 1634 1339 1707 modo
1359 1634 1674 1724 enumerauimus,

547 1754 728 1826 sententia
753 1752 919 1849 generali
946 1751 1179 1825 concluditur
1221 1755 1272 1850 (p.
1298 1756 1359 1841 31,
1390 1756 1410 1825 6
1438 1754 1531 1826 uada
1557 1752 1674 1825 mani-

537 1874 673 1966 festam
698 1883 746 1946 est
771 1868 928 1945 homiues
954 1872 1032 1945 illos
1044 1872 1160 1968 suasae
1183 1873 1290 1968 etc),
1319 1872 1371 1944 sic
1394 1881 1561 1945 extrema
1584 1896 1675 1968 quo·

547 2016 618 2088 que
658 1991 729 2064 illis
769 1991 894 2064 uerbis
920 1994 1041 2089 p.33‚
1068 1995 1130 2064 18:
1165 1989 1220 2065 lu's
1254 2004 1355 2089 atque
1379 1989 1582 2066 huiusmodi
1601 1989 1675 2088 sip-

545 2111 702 2185 meatis..
730 2123 1004 2207 condempnantur
1031 2110 1175 2206 tapecia
1193 2136 1391 2209 puerorum
1412 2122 1479 2184 etc.
1519 2110 1585 2184 sed
1620 2135 1674 2184 re·

545 2231 728 2327 linquitur
753 2255 890 2327 magna
930 2230 1149 2320 difficultas3
1192 2232 1309 2303 uerba
1349 2231 1446 2305 enim
1486 2241 1674 2327 corrupta,

547 2375 641 2447 quae
680 2377 715 2449 p.
738 2353 799 2440 31,
831 2352 852 2421 7
880 2351 1059 2448 leguntur
1103 2344 1147 2423 ‘et
1176 2350 1335 2448 ,despicis
1373 2351 1543 2424 11111ιέ-
1563 2349 1675 2423 Ostiis

546 2463 724 2544 amalam’
748 2496 824 2544 non
852 2469 1056 2568 quadrant,
1085 2470 1166 2542 siue
1193 2470 1395 2542 uerborum
1423 2470 1592 2543 ordinem
1618 2493 1672 2541 se-

547 2616 663 2687 quare
703 2591 741 2663 in
781 2591 907 2664 codice
946 2589 1129 2663 traditum
1170 2591 1249 2661 siue
1275 2590 1410 2661 rectius
1438 2615 1460 2661 a
1485 2589 1675 2663 Lindnero

548 2711 802 2783 constitutum.
828 2720 1050 2808 putaueram
1079 2707 1282 2805 aliquando
1316 2719 1400 2782 ante
1431 2711 1521 2783 haec
1557 2710 1676 2782 uerba

548 2830 731 2910 nonnulla
753 2829 1001 2918 intercidisse,
1026 2828 1090 2900 sed
1114 2829 1243 2902 uerius
1267 2829 1417 2901 uidetur
1440 2830 1540 2927 quod
1563 2829 1675 2904 Vah-

547 2946 704 3020 lenius
731 2948 775 3020 de
801 2949 883 3020 loco
912 2947 960 3020 ad
986 2972 1046 3021 me
1070 2948 1276 3044 rescripsit:
1303 2941 1412 3020 ‘Cum
1435 2949 1674 3019 manifestum

548 3066 720 3140 uideatur
746 3092 768 3138 a
794 3066 919 3140 uerbis
945 3063 1139 3141 Considera
1160 3066 1306 3163 deaeque
1327 3092 1432 3140 sacru
1456 3067 1587 3162 (p.31,
1609 3069 1675 3163 10)

547 3212 685 3262 nouam
720 3186 982 3285 disputationis
1008 3197 1153 3284 partem
1180 3186 1329 3258 initium
1353 3210 1500 3283 capere,
1529 3195 1573 3256 ut
1597 3185 1672 3258 illis

547 3332 642 3403 quae
684 3306 909 3380 antecedunt
945 3308 1050 3379 ‘ande
1075 3305 1300 3400 manp‘estum
1328 3316 1376 3377 est
1409 3302 1566 3378 homines
1595 3305 1673 3378 illos

542 3413 659 3514 sac‘sse'
683 3437 750 3498 etc
777 3431 831 3522 (p.
855 3429 914 3515 31,
940 3424 977 3519 6)
1006 3425 1107 3521 prior
1134 3423 1385 3514 concluditur,
1412 3425 1490 3496 fere
1516 3435 1674 3522 apparet

545 3545 647 3618 inter
667 3545 762 3617 hanc
783 3546 920 3642 prioris
944 3544 1221 3617 conclusionem
1244 3553 1280 3615 et
1302 3543 1496 3616 exordium
1519 3569 1674 3642 sequen-

452 3749 467 3778 .
546 3664 605 3739 tis,
620 3663 714 3736 nihil
741 3663 781 3735 in
807 3663 929 3736 medio
965 3663 1152 3759 interponi
1190 3663 1364 3760 potuisse.
1406 3663 1507 3760 quod
1546 3675 1673 3737 autem

546 3781 733 3856 Minucius
770 3783 855 3855 inde
893 3808 1020 3880 acap.
1044 3785 1089 3854 21
1119 3807 1167 3855 ex
1194 3783 1415 3879 sapientium
1456 3794 1492 3857 et
1525 3783 1672 3856 histori-

547 3926 677 3976 corum
717 3902 960 4000 probauerat,
1016 3901 1102 3974 deos
1144 3903 1208 3998 qui
1246 3913 1470 4001 putarentur
1505 3904 1673 3976 homines

546 4023 676 4111 fuisse,
716 4020 815 4094 idem
850 4023 924 4094 iam
963 4046 1009 4094 ex
1036 4024 1221 4121 mysteriis
1249 4022 1404 4096 deorum
1433 4025 1526 4122 (non
1553 4024 1672 4096 solius

546 4140 672 4237 Isidis)
700 4140 939 4215 demonstrat.
976 4140 1077 4213 idem
1103 4153 1159 4215 est
1185 4144 1517 4240 argumentationis
1540 4167 1673 4215 cursus

547 4259 648 4357 apud
685 4257 938 4352 Lactantium,
983 4261 1044 4334 cui
1084 4260 1234 4335 Minucii
1274 4263 1440 4336 libellum
1468 4263 1516 4335 ob
1543 4263 1674 4335 oculos

465 4394 469 4400 ’
547 4388 740 4451 uersatum
782 4405 861 4452 esse
900 4381 1008 4454 facile
1045 4381 1291 4480 intellegitur,
1335 4384 1374 4455 in
1406 4381 1493 4454 Diu.
1528 4381 1619 4454 Inst.
1641 4381 1670 4471 Ι,

548 4522 576 4571 e.
604 4500 670 4569 17:
702 4494 845 4574 Clarum
871 4513 919 4574 est
944 4501 1054 4599 iqitur
1079 4500 1235 4578 domines
1264 4502 1374 4593 fuisse
1399 4502 1494 4593 illos,
1534 4501 1596 4601 qui
1620 4500 1675 4577 dit·
