4050 5559
868 637 941 707 Cap.
960 637 1082 697 24-25.
1481 637 1541 701 117

411 794 496 858 filii
518 796 557 859 et
579 793 754 876 spiritus
777 793 921 872 sancti,
945 790 1127 858 docentes
1150 810 1213 858 eos
1235 793 1447 858 obseruare
1469 781 1542 855 om-¹

410 897 474 961 nia
496 915 760 979 quaecumque
782 896 966 979 praecepi
988 883 1123 960 uobis'
1145 896 1226 978 quod
1241 897 1441 961 autemDeus
1456 896 1545 989 pater

410 999 597 1082 participem
614 1018 685 1065 eum
699 1000 786 1085 regni
801 1000 917 1064 iaciens
939 999 1053 1083 regalis
1077 998 1172 1064 sellae
1195 999 1224 1065 ei
1250 999 1431 1065 concesserit
1455 999 1542 1064 sedes

387 1205 560 1272 sdextris
583 1206 675 1270 meis
698 1205 949 1288 quoadusque
971 1221 1107 1288 ponam
1135 1204 1317 1270 inimicos
1345 1206 1434 1271 tuos
1457 1206 1543 1271 sub·

410 1309 618 1390 pedaneum
633 1308 771 1392 pedum
786 1311 947 1374 tuorum.
971 1308 1307 1392 uirgamuirtutis
1328 1309 1417 1374 tuas
1432 1309 1542 1374 emit·

410 1414 467 1477 tet
489 1412 664 1477 dominus
687 1431 706 1476 a
728 1411 817 1477 Sion
840 1411 877 1477 et
899 1411 1164 1476 dominaberis
1187 1411 1227 1475 in
1258 1411 1386 1476 medio
1414 1412 1542 1477 inimi-

411 1534 541 1581 corum
574 1518 735 1580 tuorum.
774 1516 901 1580 tecum
933 1515 1171 1596 principium
1204 1515 1243 1579 in
1276 1514 1339 1580 die
1372 1515 1542 1580 uirtutis

410 1621 499 1683 tuae
520 1618 558 1682 in
580 1618 765 1683 claritate
780 1619 1017 1683 sanctorum:
1035 1636 1082 1682 ex
1096 1617 1205 1682 utero
1221 1619 1311 1682 ante
1331 1617 1542 1684 luciferum

377 1722 531 1806 rogenui
564 1724 609 1786 to.
641 1722 793 1786 iurauit
829 1722 1006 1786 dominus
1039 1739 1107 1787 neo
1139 1721 1361 1804 paenitebit
1395 1709 1523 1803 eum.’l

412 1826 455 1890 Hi
471 1828 543 1889 sunt
558 1825 678 1890 inimici
692 1825 767 1904 Dei,
790 1825 995 1890 sacratissimi
1010 1825 1227 1908 imperatores,
1251 1825 1304 1906 qui
1326 1824 1469 1891 ueritatis
1491 1842 1652 1892 0111111.

412 1928 516 1994 dinem
542 1928 696 1994 contraria
721 1929 790 2012 lege
816 1929 1016 2007 conturbant,
1040 1929 1093 2011 qui
1108 1947 1268 2010 peruersae
1290 1927 1471 2011 cupiditatis
1492 1928 1569 1996 in·9

411 2031 527 2096 stinctu
550 2032 701 2116 sacrilege
716 2034 788 2096 uota
803 2032 991 2113 concipiunt,
1016 2033 1069 2114 qui
1083 2031 1228 2115 profanae
1242 2033 1356 2097 mentis
1371 2031 1472 2098 furore
1486 2033 1541 2097 aut

411 2135 534 2219 lignum
549 2154 669 2217 semper
683 2137 866 2200 uenerantur
880 2137 936 2200 aut
950 2135 1094 2217 lapidem.
1120 2135 1152 2201 in
1173 2136 1233 2200 isto
1255 2136 1321 2201 loco
1343 2135 1435 2218 positi
1457 2135 1541 2200 ordi-

374 2267 402 2305 rs
412 2259 482 2304 nem
498 2239 644 2304 debemus
660 2241 782 2304 sanctae
797 2238 1007 2322 dispositionis
1023 2239 1154 2320 aperire,
1172 2241 1208 2303 ut
1225 2238 1373 2320 quioquid
1387 2237 1476 2304 nobis
1491 2238 1540 2302 in-

412 2342 640 2427 uestigantibus
655 2343 797 2408 sancium
810 2343 870 2406 Dei
883 2343 1013 2407 uerbum
1027 2342 1204 2424 prophetica
1224 2342 1356 2406 tradidit
1370 2342 1541 2425 disciplina

411 2446 449 2527 ad
475 2445 652 2510 refutandas
674 2445 793 2527 profani
816 2445 926 2510 erroris
941 2445 1079 2510 maculas
1095 2445 1270 2527 specialiter
1285 2445 1469 2528 explicetur,
1491 2463 1540 2524 ne,

411 2548 454 2626 si,
477 2550 513 2612 ut
528 2566 583 2612 nos
600 2549 749 2628 diximus,
773 2533 939 2613 commenti
955 2549 1027 2614 sunt
1042 2548 1095 2631 qui
1111 2547 1272 2632 sacrilegia
1287 2548 1461 2612 errantibus
1476 2549 1541 2612 tra·

412 2651 570 2730 diderunt‚
594 2652 638 2716 sio
654 2652 774 2717 anobis
789 2649 861 2716 ordo
876 2652 1020 2717 ueritatis
1036 2652 1185 2718 curiosius
1200 2653 1385 2734 requiratur.
1410 2670 1539 2733 suspen·

373 2753 454 2818 sosis
480 2754 585 2837 itaque
612 2755 773 2837 paululum
799 2755 908 2821 ceteris
935 2756 974 2820 ad
1000 2756 1075 2821 haec
1097 2755 1275 2838 explicanda
1289 2775 1367 2838 quae
1381 2774 1454 2820 uera
1469 2755 1542 2820 sunt

411 2857 613 2923 transferatur
628 2859 735 2924 oratio.

454 2959 532 3039 Vos,
557 2961 674 3026 domini
688 2962 904 3043 imperatores,
928 2965 1106 3028 sanctarum
1127 2963 1249 3028 aurium
1271 2961 1591 3028 uestrarum'mihibr'r

413 3061 605 3128 commodate
630 3065 828 3147 patientiam,
861 3067 898 3130 ut
921 3066 1023 3130 totum
1045 3066 1225 3131 elementiae
1239 3068 1360 3132 uestrae
1375 3065 1455 3148 quod
1470 3085 1541 3147 pro-

412 3166 570 3231 mittimus
586 3168 780 3249 sxplicemus.
805 3186 859 3232 cur
873 3169 972 3246 Deus,
994 3169 1029 3233 id
1050 3169 1097 3234 est
1119 3167 1202 3233 filius
1222 3168 1296 3246 Dei,
1326 3168 1417 3233 homo
1432 3186 1540 3251 passus

373 3290 403 3332 11
413 3271 460 3334 est
474 3269 541 3334 fieri
555 3270 643 3334 breui
658 3288 694 3335 ac
708 3289 780 3335 uera
800 3270 911 3352 pietati
931 3273 1052 3336 uestrae
1073 3270 1193 3335 ratione
1214 3271 1445 3335 monstrabitur.
1469 3289 1540 3336 oum

412 3372 569 3436 hominem
582 3373 734 3454 primum,
758 3373 791 3438 id
806 3376 853 3440 est
867 3372 991 3452 Adam,
1016 3374 1055 3438 ad
1076 3372 1244 3458 imaginem
1272 3391 1361 3437 suam
1385 3373 1470 3438 Deus
1492 3372 1540 3437 fa-

409 3476 509 3553 ceret,
533 3476 649 3539 certam
663 3476 713 3540 illi
728 3478 944 3543 mandatorum
959 3478 1045 3542 dedit
1060 3477 1168 3561 legem.
1198 3475 1226 3540 is
1246 3493 1300 3557 per
1320 3476 1483 3554 feminam,
1507 3475 1540 3540 id

408 3580 460 3642 est
475 3579 590 3658 Euam,
607 3580 751 3661 deceptus
770 3580 892 3646 diaboli
901 3579 1149 3662 persuasionibus
1164 3579 1333 3660 promissae
1349 3577 1409 3642 sibi
1424 3577 1540 3663 gloriae

413 3681 549 3764 perdidit
564 3682 764 3766 dignitatem:
788 3683 910 3767 lignum
930 3684 996 3748 erat
1017 3683 1049 3748 in
1069 3682 1209 3765 paradiso
1225 3681 1307 3764 quod
1320 3681 1540 3763 promissorum

374 3805 432 3850 soa
446 3786 511 3850 Deo
526 3785 734 3867 praemiorum
748 3785 883 3867 perdidit
897 3786 1039 3870 gratiam.
1057 3786 1095 3850 de
1109 3784 1241 3870 uirginis
1252 3785 1351 3849 terrae
1363 3784 1437 3848 limo
1448 3784 1570 3857 homos

412 3887 514 3953 factus
530 3888 591 3953 est:
607 3888 742 3954 nondum
757 3888 855 3969 enim,
877 3889 913 3953 ut
928 3887 1156 3972 adscriptum,
1173 3907 1265 3970 supra
1279 3888 1394 3953 terram
1407 3876 1538 3970 pluerat.

516 4093 536 4149 4
553 4094 597 4147 Ps.
614 4092 678 4159 109,
695 4094 773 4150 1-4.

467 4265 629 4320 6mittitP
681 4266 859 4336 7chyona
875 4268 887 4336 ΙΙ
903 4267 1081 4322 dominaueris
1095 4269 1122 4322 P
1173 4267 1232 4324 901
1244 4284 1275 4322 er
1288 4285 1306 4322 a
1359 4268 1397 4326 10
1408 4268 1541 4337 penibeuit

415 4351 453 4423 P,
473 4352 652 4422 poenitebita
706 4353 742 4408 11
761 4352 803 4405 hii
816 4355 843 4407 P
896 4355 932 4410 12
950 4354 1080 4408 instincto
1093 4355 1121 4408 P
1183 4355 1217 4412 17
1236 4371 1268 4408 ne
1281 4354 1318 4419 si,
1337 4357 1489 4424 discripsi:
1508 4372 1541 4410 nc

414 4438 484 4492 sicut
497 4440 554 4504 Pa,
573 4455 606 4492 ne
619 4439 701 4504 siout,
714 4441 745 4492 ut
757 4440 897 4506 Bersabee,
911 4457 941 4495 ac
953 4441 990 4506 si,
1008 4443 1041 4496 ut
1053 4442 1173 4496 teuiooit
1180 4458 1286 4511 parcior
1296 4443 1416 4510 feliciter
1429 4442 1541 4510 Oebier;

414 4524 466 4595 alii
477 4524 612 4593 quaedam
624 4525 714 4580 deesse
724 4527 858 4593 suspicati
868 4533 936 4581 sicori
992 4527 1027 4584 18
1046 4527 1213 4593 commentiti
1225 4529 1358 4584 Mueeter
1412 4527 1449 4586 19
1468 4529 1542 4583 incu-

380 4609 511 4667 riosius
525 4611 651 4666 Bursian
704 4611 893 4680 sepitionem
907 4613 934 4666 P
984 4613 1024 4672 25
1042 4614 1153 4684 pietatis
1167 4615 1195 4668 P
