4050 5559
1443 640 1511 690 xm

379 808 451 885 tur,
480 795 567 867 satis
594 804 694 867 certo
722 802 880 892 apparet.
910 791 1048 864 Eodem
1076 802 1223 865 auctore
1249 792 1335 866 item
1363 793 1399 865 in
1428 793 1507 867 loco

377 928 502 1013 aperte
529 926 701 1012 corrupto
729 939 758 985 c.
776 916 892 1002 34‚4:
925 905 1094 1011 ‘loquitur
1123 910 1243 984 Plato:
1270 925 1393 1009 partes
1417 915 1509 987 orbis

376 1059 471 1109 nuuc
493 1034 670 1108 inundare
684 1031 912 1133 (inundari?)
941 1033 1037 1123 dicit,
1064 1058 1161 1107 uuuc
1189 1033 1333 1106 alteruis
1369 1034 1508 1108 uicibus

377 1150 568 1229 ardescere'
596 1155 739 1253 signum
768 1153 913 1227 lacunae
939 1154 1140 1252 posuimus,
1174 1178 1257 1226 curn
1284 1152 1506 1252 probabilius

375 1274 544 1349 uideatur
569 1273 733 1348 sim-iliter
760 1273 820 1346 uel
855 1273 947 1347 idem
980 1284 1065 1346 ante
1094 1272 1249 1372 loquitur
1280 1275 1506 1350 intercidisse

375 1422 482 1494 quarn
524 1395 646 1468 locum
686 1395 880 1468 resecando
922 1405 982 1466 aut
1008 1395 1284 1466 transmutando
1312 1397 1505 1468 emendan-

377 1519 464 1588 dum
492 1541 580 1590 esse.
610 1515 795 1589 Praeclare
822 1515 917 1588 idem
946 1516 990 1587 de
1018 1515 1198 1612 scriptura
1223 1515 1294 1587 loci
1322 1519 1429 1603 are,
1456 1522 1500 1589 11

374 1639 529 1720 meruit,
555 1661 639 1710 cum
663 1638 700 1708 iu
724 1637 781 1708 his
800 1635 924 1708 uerbis
943 1629 1038 1709 ‘deus
1062 1636 1154 1708 ear'ru
1176 1636 1340 1733 laureas..
1363 1662 1505 1734 suspeu-

373 1757 488 1848 dr'tur,
517 1759 692 1847 caeditur,
717 1758 875 1848 dolatur,
898 1757 1126 1830 ruucr‘uatur:
1148 1768 1179 1829 et
1201 1758 1284 1830 deus
1307 1782 1428 1831 aereus
1449 1760 1506 1832 uel

376 1891 560 1976 arqeuteus
596 1880 638 1952 de
672 1877 853 1950 immundo
893 1878 1075 1950 aescula..
1110 1878 1303 1973 conflatur,
1345 1879 1502 1952 tuudr'tur

371 2000 506 2073 malleis
533 2012 564 2072 et
585 1999 624 2072 r'a
645 1995 830 2071 incudibus
852 1995 1053 2093 fiyurutur:
1087 2009 1118 2069 et
1147 1996 1305 2093 lapideus
1334 2000 1500 2089 caedatur,

370 2122 543 2219 scalpitur
561 2132 592 2194 et
610 2117 653 2192 ab
671 2118 850 2215 impurato
868 2115 1006 2191 haurire
1025 2106 1207 2214 leuiqutur'
1226 2119 1263 2189 in
1282 2117 1391 2190 tertio
1410 2145 1501 2216 quo·

372 2266 444 2339 que
466 2239 635 2312 membro
658 2237 817 2334 lapideus
839 2239 923 2311 deus
949 2237 1189 2310 scribendum
1212 2261 1291 2310 esse
1311 2237 1423 2328 uidit3
1446 2241 1499 2311 sa·

371 2361 438 2434 cile
462 2360 557 2431 enirn
582 2367 748 2455 apparet,
777 2367 914 2454 quanto
951 2382 1060 2455 opere
1089 2357 1163 2428 loci
1196 2382 1402 2430 sarcasmus
1435 2386 1499 2429 no-

371 2482 468 2554 mine
492 2480 551 2553 dei
573 2488 629 2551 ter
652 2477 806 2576 repetito
829 2488 1014 2574 augeatur.
1044 2474 1126 2572 Cap.
1147 2477 1253 2565 30,4
1288 2478 1384 2549 illud
1419 2481 1499 2575 qui·
1549 2465 1552 2469 ’

368 2603 451 2674 dem
476 2609 617 2674 constet
640 2598 840 2671 Minucium
862 2623 935 2670 non
959 2596 1166 2695 scripsisse:
1193 2597 1367 2672 Romauz's
1391 2599 1496 2698 (ritus

367 2722 454 2818 fuit)
481 2718 657 2794 Graecum
680 2731 711 2793 et
738 2716 931 2808 Graecam,
964 2715 1105 2791 Gallum
1132 2731 1163 2792 et
1193 2715 1333 2792 Gallam
1359 2719 1495 2792 sacri·

357 2841 476 2938 fr'cr'r'
511 2841 666 2913 urueutes
706 2837 866 2928 obruere,
907 2838 970 2911 sed
1013 2839 1103 2934 quid
1138 2840 1408 2912 restituendum
1449 2841 1496 2912 sit

368 2961 478 3032 ualde
500 2959 699 3033 dubitatur.
735 2959 840 3031 nobis
874 2958 1043 3055 quidem,
1085 2983 1170 3031 eum
1193 2958 1291 3030 nulla
1314 2983 1361 3032 ex
1384 2961 1494 3032 uariis

367 3080 694 3166 emendationibus,
723 3104 813 3177 quae
836 3080 1043 3177 propositae
1066 3090 1172 3167 sunt,
1206 3106 1374 3176 magnam
1398 3083 1494 3153 ueri·

366 3202 452 3273 tatis
487 3200 643 3300 speciem
680 3225 765 3298 prae
801 3225 839 3272 se
873 3201 967 3272 ferre
999 3199 1203 3286 uideretur,
1232 3200 1345 3272 satius
1368 3200 1493 3272 uisum

366 3332 424 3393 est
441 3346 553 3420 parua
571 3322 771 3394 adiectione
793 3320 887 3393 facta
910 3320 1032 3393 locum
1056 3321 1108 3393 sic
1133 3319 1296 3418 uulgare:
1324 3318 1496 3416 sacrificii

364 3443 442 3514 laco
477 3441 632 3516 urueutes
668 3439 819 3515 obruere.
849 3439 932 3540 Cap.
957 3443 1062 3532 33,3
1097 3440 1184 3514 haec
1207 3451 1261 3513 est
1283 3426 1389 3513 lectio
1412 3439 1491 3512 uul-

362 3572 464 3658 gata:
503 3587 589 3635 uam
611 3573 642 3635 et
663 3561 736 3658 r'psr'
756 3559 921 3658 (Iudaei)
945 3563 1048 3635 deum
1068 3574 1245 3652 uestrum,
1284 3560 1376 3635 idem
1398 3561 1491 3634 euim

362 3681 523 3754 amur'uru
545 3683 628 3755 deus
650 3693 714 3771 est,
753 3668 923 3778 quamdr‘u
945 3706 1023 3755 euru
1045 3695 1152 3772 caste,
1189 3681 1332 3755 ruuorr'e
1353 3681 1490 3777 relr'yr'a-

360 3826 463 3899 seque
483 3803 677 3889 coruram,
706 3800 875 3898 quamdiu
896 3802 1099 3899 praeceptis
1133 3799 1327 3875 salubribus
1363 3799 1490 3875 obtem·

353 3934 595 4021 peruueruut,
619 3924 661 3994 de
679 3921 808 4019 paucis
830 3921 1011 3996 ruuumera'
1028 3923 1127 4019 facu'
1147 3939 1211 3994 etc.
1236 3922 1274 3994 in
1296 3922 1352 3995 his
1376 3922 1489 3995 uerba

361 4067 448 4116 uara
466 4055 498 4116 et
515 4043 587 4140 ipsi
599 4060 664 4115 ecc.
684 4067 770 4114 sena
788 4067 866 4116 esse
880 4068 986 4141 aegre
1001 4043 1141 4133 eredas3
1161 4042 1248 4115 haec
1262 4042 1358 4114 enim
1373 4053 1489 4115 struc-

360 4171 445 4234 tura
465 4160 563 4235 ‘uara
581 4174 612 4236 et
629 4161 701 4260 ipsi
721 4164 823 4235 daura
845 4175 1036 4236 uestrum..
1064 4163 1232 4262 quamdiu
1254 4188 1369 4236 euru..
1394 4164 1450 4236 col
1473 4207 1488 4220 ·

357 4280 472 4355 eruut'
502 4281 780 4382 impeditissima
812 4294 867 4355 est
889 4295 926 4355 et
947 4283 1022 4356 fere
1060 4281 1313 4372 intolerabilis3
1355 4283 1488 4380 quidni

359 4400 459 4474 enim
481 4401 662 4476 Minucius
685 4402 808 4500 potius
833 4402 936 4500 plane
959 4403 1011 4476 sie
1034 4403 1224 4476 scriberet:
1251 4429 1338 4476 uaru
1364 4427 1485 4500 quaru-

357 4520 422 4594 dr'u
447 4523 550 4596 deum
575 4533 732 4595 uestrum
761 4534 852 4595 caste
879 4522 1085 4597 coluerunt?
1125 4551 1199 4622 quo
1223 4523 1362 4597 accedit
1385 4524 1485 4621 quod
