4050 5559
472 603 551 653 XXII

472 757 575 832 loeus
602 755 725 831 uerbis
751 757 889 830 rectius
918 756 1099 829 distinctis
1128 757 1180 828 sie
1203 756 1422 830 scribendus
1446 784 1527 832 esse
1550 761 1603 833 ui·

475 877 649 950 debatur:
677 890 708 951 et
736 879 818 951 deus
846 902 968 950 aereus
990 877 1047 950 uel
1067 889 1250 973 urqcutcus
1272 880 1314 951 dc
1335 877 1517 953 immundo
1540 905 1602 954 uu

474 998 571 1086 culo,
617 1009 654 1069 ut
696 997 894 1095 accepimus
923 998 1067 1092 suctum
1102 995 1272 1096 Acqyptio
1299 998 1386 1093 reqi,
1415 1000 1602 1095 couflutur,

475 1117 636 1191 tunditur
672 1117 806 1191 malleat
839 1131 871 1191 et
896 1117 935 1190 iu
961 1115 1148 1191 incudibus
1176 1116 1367 1214 flqurutur.
1403 1120 1448 1190 de
1476 1118 1600 1194 datiuo

473 1249 599 1310 autem
623 1235 764 1311 Graeco
781 1239 924 1333 fuctum
946 1236 1117 1337 Acqyptic
1146 1237 1224 1335 reqi
1249 1239 1295 1313 cf.
1320 1264 1348 1312 e.
1375 1242 1432 1329 19,
1459 1242 1479 1311 6
1503 1241 1598 1315 Auu-

471 1383 664 1454 cuqoruc..
692 1358 831 1447 dicitur,
860 1385 888 1430 c.
913 1361 971 1444 23,
997 1362 1020 1430 4
1048 1357 1169 1432 Iouem
1194 1371 1323 1432 ucrrut
1345 1356 1497 1432 Briareo
1520 1357 1599 1433 libe·

472 1490 599 1567 rutum,
628 1503 656 1550 e.
682 1482 741 1568 25,
766 1482 788 1551 6
816 1478 992 1552 Romuuir
1017 1477 1194 1579 impiatum
1221 1491 1278 1552 est.

525 1595 611 1695 Cap.
637 1601 695 1689 25,
721 1602 742 1671 3
766 1624 849 1672 mou
876 1599 1023 1697 (ciuitas
1045 1597 1229 1696 Romana)
1255 1599 1388 1672 uiieuus
1409 1600 1595 1696 uiryiuce..

469 1718 545 1791 siue
571 1743 667 1792 more
692 1719 829 1816 rapuit,
857 1718 1026 1809 uiolauit,
1053 1719 1192 1809 iulusit,
1221 1731 1355 1792 etcum
1382 1745 1504 1793 eurum
1522 1746 1595 1819 pu·

468 1837 641 1930 mutibus,
685 1839 726 1921 id
750 1852 903 1913 estium
930 1839 1059 1912 soceris
1085 1840 1156 1912 tuis
1182 1838 1305 1913 bellum
1331 1839 1488 1930 miscuit,
1508 1865 1596 1937 pro·

462 1959 638 2057 piuquum
656 1959 863 2056 suuquiuem
876 1960 985 2056 fudit.
1008 1959 1094 2056 quid
1115 1958 1359 2056 turcliqiosius‚
1383 1959 1467 2057 quid
1484 1962 1595 2034 cudu-

468 2078 557 2169 ciu3,
586 2079 671 2177 quid
691 2080 772 2176 ipsc
793 2080 929 2152 sceleris
952 2078 1164 2175 confidentia
1186 2079 1348 2152 tutius?
1371 2080 1408 2150 in
1433 2080 1489 2151 his
1513 2105 1593 2153 uer·

468 2198 526 2270 bis
554 2199 658 2271 tutius
684 2200 846 2271 tolerare
872 2199 1131 2297 nequiuimus;
1158 2223 1244 2271 num
1272 2210 1490 2297 corruptum
1514 2224 1594 2275 esse

467 2317 694 2391 uocabulum
723 2345 770 2392 ex
801 2321 890 2418 ipsis
930 2320 1164 2392 uersiouibus
1191 2322 1300 2392 huius
1337 2323 1494 2393 extremi
1521 2323 1593 2395 coli

467 2438 571 2511 facile
597 2438 837 2538 intellegitur3
865 2440 959 2512 alius
987 2441 1085 2512 enim
1114 2442 1165 2511 sie
1192 2441 1479 2537 interpretatur:
1519 2468 1593 2515 uus

465 2584 542 2632 war
554 2558 790 2635 schumeudcr
808 2563 861 2634 uls
877 2563 1006 2658 yerudc
1021 2563 1083 2634 der
1108 2560 1212 2633 Trou
1226 2563 1284 2634 des
1305 2561 1467 2634 Frcucls?
1497 2564 1592 2635 alius

466 2690 606 2753 autem:
630 2708 704 2754 uus
721 2681 766 2754 ist
783 2679 936 2755 richerii
956 2682 1008 2754 als
1026 2681 1081 2754 dic
1100 2680 1327 2778 Dicistiqlccit
1346 2682 1404 2754 dcs
1426 2682 1593 2756 Frcuetr?

464 2799 554 2870 illud
581 2800 729 2897 quidem
756 2810 897 2873 eertum
930 2800 1082 2881 uidetur
1116 2801 1322 2873 ablatiuum
1349 2801 1429 2898 ipsu
1455 2803 1609 2902 sceleris

464 2917 675 3014 coufideutiu
696 2944 770 2992 non
795 2914 1089 3016 a'eomparatiuo
1112 2920 1285 3017 pendere,
1315 2920 1378 2991 sed
1406 2920 1502 2993 idem
1527 2946 1588 2992 ue·

462 3039 539 3111 lere
566 3038 668 3136 quod
688 3053 838 3136 propter
866 3044 964 3139 (per)
991 3041 1108 3138 ipsum
1137 3043 1214 3114 scel.
1239 3038 1500 3135 confidentium:
1524 3039 1590 3111 sed

463 3157 641 3230 incertius
670 3159 760 3254 quid
787 3161 900 3232 lateat
925 3161 964 3232 in
991 3161 1054 3233 illo
1083 3162 1199 3234 tutius.
1229 3161 1436 3256 recepimus
1466 3185 1587 3231 emen·

462 3277 647 3350 dationem
670 3278 903 3353 Dombarti
927 3281 1078 3377 turpiter,
1103 3280 1169 3352 sed
1193 3279 1292 3352 haud
1316 3280 1390 3351 scio
1415 3304 1462 3350 an
1485 3304 1586 3375 prae·

460 3398 654 3471 ferendum
687 3400 736 3471 sit
762 3400 923 3490 taetrius,
953 3399 1054 3496 quod
1080 3401 1187 3472 nobis
1215 3401 1252 3469 in
1282 3409 1444 3471 mentem
1472 3401 1585 3474 uenit.

460 3515 542 3590 Non
570 3520 696 3591 minus
722 3520 864 3592 incerta
903 3531 959 3592 est
990 3521 1063 3591 loci
1099 3518 1328 3615 perdifficilis
1370 3520 1434 3616 qui
1471 3522 1585 3618 paulo

459 3648 545 3734 post
584 3638 619 3737 (ᾗ
645 3641 684 3735 7)
724 3638 860 3736 legitur
899 3641 1097 3736 scriptura:
1138 3663 1244 3734 ucquc
1282 3640 1373 3712 cuim
1392 3654 1586 3737 potueruut

459 3756 653 3856 (Romani)
680 3759 720 3831 iu
745 3758 831 3856 ipsis
858 3757 951 3832 bellis
979 3761 1060 3831 deos
1088 3759 1264 3831 adiutores
1291 3757 1426 3851 tubere,
1455 3764 1582 3835 uiuer-

457 3904 515 3950 sus
541 3904 625 3976 quos
652 3905 756 3952 urmu
781 3892 976 3977 rapuerunt
1020 3869 1271 3977 (rapiemur)
1300 3894 1331 3954 et
1358 3907 1442 3978 quos
1460 3895 1583 3980 postu-

457 3998 635 4088 lauerunt,
664 3997 939 4096 detriumphatos
967 4001 1077 4073 colere
1105 4015 1299 4097 coeperunt.
1340 4003 1448 4075 lectio
1473 4030 1494 4074 a
1517 4029 1580 4075 no-

456 4118 511 4190 bis
556 4129 717 4215 recepta,
760 4144 984 4215 quamquam
1025 4145 1105 4193 eam
1132 4145 1260 4194 ueram
1288 4146 1366 4194 esse
1393 4133 1582 4219 praestare

456 4238 649 4328 nolumuS,
691 4238 820 4310 saltem
848 4242 1047 4312 sententiae
1076 4243 1350 4314 accommodata
1378 4243 1582 4318 uidebitur:

453 4370 502 4430 set
529 4382 614 4455 quos
633 4370 916 4454 prostruucruut,
945 4361 1220 4459 detriumphatos
1247 4365 1356 4436 colere
1380 4381 1579 4462 coeperunt.

455 4475 574 4549 Paulo
601 4487 685 4574 post
712 4479 730 4577 ξ
758 4482 803 4552 10
839 4481 886 4577 (p.
913 4484 971 4572 36,
997 4481 1058 4581 25)
1087 4485 1175 4556 haec
1208 4493 1263 4555 est
1298 4483 1442 4569 codicis
1468 4489 1578 4585 scrip·
