4050 5559
871 601 1035 656 Octauius
1053 617 1074 655 c.
1093 602 1169 657 4-5.
1563 608 1583 670 7

454 772 546 837 rebus
562 772 706 838 humanis
722 773 829 851 dubia,
845 774 977 852 incerta,
1000 792 1147 857 suspensa
1172 776 1331 859 magisque
1352 777 1455 841 omnia
1474 777 1583 842 uerisi-

453 875 544 940 milia
560 894 653 958 quam
668 893 748 940 uera.
774 894 833 959 quo
847 877 950 942 minus
962 877 1078 941 mirum
1094 879 1141 942 est
1155 878 1318 943 nonnullos
1333 879 1434 945 taedio
1454 879 1613 949 inueni-3

455 978 575 1062 gandae
585 979 707 1060 penitus
717 979 859 1044 ueritatis
873 978 1000 1044 cuilibet
1011 980 1146 1061 opinioni
1157 982 1271 1045 temere
1281 982 1480 1047 succumbere
1491 1002 1584 1064 quam

455 1082 488 1146 in
509 1081 694 1164 explorando
714 1082 864 1165 pertinaci
885 1081 1049 1166 diligentia
1063 1101 1263 1163 perseuerare.
1295 1083 1400 1165 itaque
1419 1084 1583 1168 indignan-

430 1184 531 1248 sdum
543 1183 700 1262 omnibus,
717 1184 965 1249 indolescendum
981 1186 1028 1249 est
1043 1186 1155 1250 audere
1170 1186 1335 1268 quosdam,
1352 1187 1383 1250 et
1395 1186 1453 1250 hoe
1464 1187 1613 1251 studio-4

454 1306 525 1351 rum
539 1287 645 1364 rudes,
667 1286 844 1351 litterarum
865 1287 1023 1368 profabor,
1048 1290 1184 1370 expertes
1200 1289 1315 1353 artium
1330 1289 1428 1354 etiam
1444 1290 1584 1355 sordida·

453 1410 541 1467 rum,
558 1390 676 1454 certum
691 1389 811 1471 aliquid
825 1390 863 1454 de
878 1408 1000 1455 summa
1015 1409 1119 1455 rerum
1134 1410 1168 1456 ao
1183 1391 1345 1456 maiestate
1360 1392 1529 1471 decernere,
1546 1394 1583 1458 de

454 1511 515 1575 qua
529 1493 577 1556 tot
592 1492 734 1556 omnibus
750 1492 879 1558 saeculis
894 1496 1048 1558 sectarum
1063 1493 1268 1574 plurimarum
1283 1513 1379 1576 usque
1394 1495 1493 1559 adhuc
1515 1495 1582 1577 ipsa

454 1594 648 1676 philosophia
663 1595 823 1661 deliberat.
847 1616 902 1662 nee
917 1597 1077 1675 inmerito,
1094 1617 1165 1663 cum
1183 1599 1305 1662 tantum
1328 1597 1410 1662 absit
1424 1598 1462 1662 ab
1479 1597 1612 1679 exple-5

409 1717 434 1755 ιο
453 1698 572 1762 ratione
585 1697 690 1763 diuina
702 1698 837 1764 humana
851 1699 1057 1777 mediocritas,
1073 1701 1108 1763 ut
1119 1719 1216 1781 neque
1231 1719 1307 1782 quae
1323 1719 1414 1781 supra
1429 1717 1485 1762 nos
1499 1700 1582 1764 caelo

454 1818 600 1882 suspensa
614 1801 737 1866 sublata
752 1803 839 1879 sunt,
855 1821 952 1883 neque
964 1820 1041 1884 quae
1052 1801 1132 1866 infra
1147 1804 1263 1867 terram
1277 1802 1429 1884 profunda
1444 1802 1582 1866 demersa

452 1904 534 1982 sunt,
547 1904 601 1967 aut
609 1903 686 1968 scire
698 1904 739 1967 sit
750 1904 858 1968 datum
870 1905 925 1970 aut
936 1904 1067 1969 scrutari
1078 1905 1261 1986 permissum
1274 1907 1329 1970 aut
1345 1904 1495 1986 suspicari
1509 1904 1582 1968 reli-

452 2007 585 2090 giosum,
596 2007 627 2072 et
635 2007 717 2071 beati
724 2007 800 2071 satis
811 2008 945 2088 satisque
952 2007 1186 2089 prudentesiure
1193 2009 1362 2086 uideamur,
1375 2008 1402 2073 si
1415 2007 1581 2073 secundum

451 2110 534 2174 illud
546 2111 636 2174 uetus
648 2109 795 2190 sapientis
807 2111 965 2174 oraculum
975 2111 1096 2174 nosmet
1106 2110 1188 2192 ipsos
1200 2110 1384 2175 familiarius
1396 2110 1580 2175 nouerimus.
1593 2123 1612 2176 e

417 2234 442 2272 n
452 2213 507 2277 sed
515 2213 666 2294 quatenus
672 2212 867 2296 indulgentes
875 2213 981 2278 insano
989 2214 1080 2294 atque
1088 2212 1190 2295 inepto
1198 2213 1297 2279 labori
1304 2213 1581 2277 ultrahumilitatis

452 2316 575 2379 nestrae
590 2315 738 2379 terminos
754 2334 922 2398 euagamur
936 2316 968 2379 et
982 2316 1014 2378 in
1031 2318 1147 2380 terram
1158 2316 1286 2397 proiecti
1302 2317 1422 2381 eaelum
1433 2315 1537 2398 ipsum
1552 2317 1582 2379 et

453 2417 521 2498 ipsa
534 2418 634 2482 sidera
647 2417 755 2482 audaci
763 2417 937 2500 cupiditate
949 2418 1203 2496 transcendimus,
1219 2418 1269 2482 uel
1280 2419 1360 2483 hunc
1372 2437 1504 2484 errorem
1519 2420 1581 2483 sal·

452 2521 584 2584 lemnon
594 2520 682 2584 uanis
695 2521 726 2584 et
732 2519 941 2584 formidulosis
948 2520 1140 2601 opinionibus
1148 2520 1350 2601 implicemus.
1364 2521 1427 2586 sint
1433 2521 1580 2603 principio
1593 2534 1610 2586 r

451 2623 592 2686 omnium
605 2623 721 2687 semina
731 2623 842 2687 natura
849 2623 881 2686 in
893 2641 925 2687 se
937 2624 1063 2687 coeunte
1071 2623 1207 2701 densata,
1221 2623 1290 2704 quis
1301 2624 1352 2688 hic
1367 2624 1473 2688 auctor
1485 2623 1580 2688 deus?

415 2724 516 2788 ausint
538 2725 677 2789 fortuitis
699 2726 947 2790 concursionibus
966 2725 1062 2790 totius
1084 2725 1193 2789 mundi
1214 2727 1353 2792 membra
1377 2725 1504 2802 coalita,
1533 2725 1580 2788 di-

504 2929 519 2980 1
537 2927 626 2981 omnia
638 2928 741 2982 deleuit
757 2929 896 2982 Wewerus
948 2930 965 2980 2
983 2929 1071 2982 minus
1088 2930 1221 2983 Vrsinus:
1240 2931 1327 3000 magis
1340 2932 1383 2983 Pr
1403 2931 1415 2998 Η
1435 2928 1508 2984 tedio
1520 2931 1548 2983 P

450 3013 468 3066 3
480 3015 580 3066 temere
591 3013 681 3082 petius
694 3014 861 3067 succumbere
872 3015 1011 3067 Wouerus
1058 3014 1077 3071 4
1090 3016 1248 3084 exploranda
1264 3017 1381 3070 Vrsinus
1401 3018 1413 3084 ΙΙ
1432 3015 1524 3084 itaque
1537 3016 1580 3069 P:

451 3099 529 3167 atqui
541 3098 674 3153 Dornbart
726 3109 742 3154 5
760 3099 1026 3168 indolescendumqne
1038 3101 1193 3169 Ripuitius,
1207 3105 1235 3154 et
1245 3101 1325 3154 indol.
1338 3101 1486 3169 Donbart,
1499 3100 1580 3154 immo

450 3184 533 3238 indul.
551 3185 690 3238 Wouerus
703 3186 773 3253 (coll.
793 3186 875 3254 Gypr.
889 3186 967 3252 epist.
981 3190 1005 3248 1,
1020 3189 1051 3238 6:
1071 3186 1140 3239 illud
1157 3186 1306 3239 mirandum
1324 3188 1378 3249 est,
1398 3186 1479 3239 immo
1490 3185 1580 3255 indig-

450 3269 569 3323 nandum
581 3271 670 3338 potius
683 3272 711 3324 et
722 3270 881 3339 dolendum),
894 3271 1087 3338 indignandum
1099 3271 1233 3335 omnibus,
1247 3271 1460 3324 indolescendum
1473 3272 1579 3340 sapien-

450 3355 525 3409 tibus
543 3358 585 3409 est
602 3372 697 3411 censor
714 3358 746 3409 in
763 3359 794 3410 Ζ.
817 3358 838 3422 f,
857 3357 929 3410 Pbil.
942 3373 969 3410 u.
982 3357 1054 3410 batia.
1077 3358 1164 3411 Tbeol.
1183 3363 1226 3424 18,
1240 3359 1305 3420 163,
1325 3355 1427 3425 indign.
1446 3357 1578 3419 omnibus,

450 3441 572 3494 omnibus
590 3441 671 3495 indol.
692 3444 733 3495 est
754 3443 859 3496 Vablen
887 3445 898 3509 ΙΙ
919 3442 1043 3496 audirer
1064 3444 1075 3510 ΙΙ
1095 3442 1145 3496 hoo
1162 3444 1202 3497 P:
1220 3442 1341 3495 horumr
1394 3441 1411 3496 6
1430 3441 1493 3495 rude
1506 3442 1534 3494 P
1556 3444 1567 3508 ll

450 3527 549 3580 artium
563 3528 617 3579 nisi
630 3527 795 3581 sordidarum
813 3528 931 3580 Vrsinus
943 3529 977 3596 (a.
992 3529 1075 3582 etiam
1087 3530 1141 3582 nisi
1154 3528 1221 3582 sord.
1235 3529 1398 3596 Heumann)
1452 3527 1468 3582 7
1483 3542 1514 3580 ac
1526 3527 1579 3581 del.

449 3613 610 3675 Heumann,
629 3629 659 3666 ac
671 3613 812 3666 maiestate
829 3612 872 3666 dei
888 3613 936 3668 Cb.
954 3616 1054 3681 Wirtb,
1064 3614 1202 3682 amadan
1218 3614 1320 3667 sodalis
1336 3614 1479 3667 seminarii
1486 3613 1577 3681 pbilo-

450 3698 532 3766 loqici
548 3698 739 3765 Monacensis;
776 3705 893 3766 apparet
914 3701 997 3766 facile
1022 3700 1066 3753 dei
1088 3700 1139 3769 (dr)
1162 3707 1227 3754 ante
1254 3699 1391 3753 decernere
1415 3699 1580 3753 intercidere

445 3784 569 3850 potuisse
620 3783 918 3851 8quaP1.nc.corr.
940 3802 1025 3854 equo.
1056 3786 1068 3853 Η
1090 3785 1236 3854 plurimum
1253 3785 1402 3853 Wopkens,
1421 3784 1493 3838 iden
1510 3784 1577 3837 totis

449 3867 572 3921 omnibns
585 3885 605 3921 s.
615 3885 782 3937 proponens,
801 3877 831 3924 ai
843 3873 878 3938 cf.
892 3872 990 3926 Dauis.
1010 3871 1047 3924 ad
1065 3873 1139 3925 lenone
1158 3871 1245 3924 locuni
1306 3869 1447 3926 9filosofia
1460 3871 1487 3924 P
1509 3872 1521 3938 Η
1544 3870 1579 3923 ab
1685 3935 1688 3940 ι

449 3954 628 4022 exploratione
640 3971 729 4008 rerum
741 3955 893 4010 diuinarum
905 3959 1057 4010 Heumann
1122 3958 1157 4012 11
1175 3956 1304 4024 profundo
1315 3956 1442 4010 Bursian
1454 3956 1513 4009 coli.
1523 3960 1547 4023 1,
1561 3959 1580 4008 4

452 4040 488 4094 12
510 4039 603 4092 datum
623 4043 655 4093 ut
676 4044 794 4114 scrutare
809 4045 851 4097 Pr
876 4044 888 4110 ll
913 4043 1044 4115 suspicari
1056 4043 1206 4096 Durabari:
1226 4041 1344 4110 stuprari
1355 4041 1389 4106 P,
1412 4042 1543 4111 struprari
1555 4059 1578 4105 r,

384 4145 388 4156 ·
448 4141 558 4193 ruspare
567 4125 623 4194 (uel
637 4127 753 4195 ruspari)
767 4127 823 4180 Jos.
840 4128 962 4197 Scaliper
979 4135 1005 4182 ei
1022 4127 1115 4196 coulpe,
1122 4129 1224 4195 parum
1234 4133 1304 4195 apic,
1318 4144 1378 4180 cuni
1386 4127 1442 4181 mni
1455 4128 1577 4191 scrutari,

448 4211 521 4281 quod
541 4211 687 4285 antecedit,
718 4213 789 4265 iden
806 4214 865 4280 fere
882 4215 1030 4282 siquidum
1057 4212 1193 4282 disputare
1221 4213 1442 4268 ObrAdKlotr
1504 4214 1538 4271 13
1551 4217 1579 4268 et

448 4311 498 4350 ono.
512 4313 528 4349 r
590 4296 627 4353 14
639 4297 738 4350 ueteris
751 4298 881 4366 sapientis
896 4299 999 4353 Vsener·
1061 4298 1097 4354 17
1117 4298 1160 4352 uel
1172 4298 1340 4351 Haunianae
1362 4304 1412 4352 aui
1433 4299 1576 4354 delendum

448 4387 500 4435 aui
511 4385 543 4435 in
554 4382 637 4434 uelim
655 4383 818 4437 laniandum
829 4383 978 4438 uidebatur
1032 4383 1066 4439 18
1085 4382 1315 4437 formidulosisP:
1328 4383 1505 4437 formidolosis
1515 4385 1575 4438 edd.

459 4468 472 4534 ΙΙ
491 4466 666 4536 implicemus
681 4468 737 4520 sint
748 4468 878 4537 principio
891 4471 931 4523 P:
944 4470 1121 4538 implicamus.
1140 4469 1200 4521 Sint
1212 4469 1344 4537 principia
1356 4485 1371 4522 r
1425 4470 1459 4526 19
1477 4470 1521 4523 bie
1533 4472 1575 4524 P:

447 4551 493 4604 his
506 4553 659 4606 Heumann
