4050 5559
450 482 493 546 96
871 479 1012 533 sirmia
1031 480 1178 533 Materni
1216 444 1218 449 ’

450 652 553 699 norem
567 634 764 719 integerrimi
779 654 815 700 ac
828 635 1062 717 prudentissimi
1076 635 1211 700 hominis
1233 635 1437 700 constitutum
1452 636 1580 699 conten-

420 738 530 802 4tiosa
544 738 692 821 hodieque
707 739 903 803 animositate
918 738 1061 802 custodit.
1079 737 1133 802 sed
1148 739 1179 802 ct
1194 737 1226 801 in
1239 738 1306 820 ipso
1319 738 1485 802 simulacro
1498 737 1579 801 sicut

450 841 484 906 in
498 841 602 905 ceteris
617 861 653 905 ex
667 841 799 906 assiduis
813 841 970 906 sacrificiis
985 840 1140 906 immundi
1152 840 1335 904 doemonum
1347 840 1475 921 spiritus
1488 839 1579 903 colli-

450 946 580 1028 guntur:
603 944 682 1008 nihil
699 945 780 1009 enim
794 945 957 1026 operantur
969 944 1117 1009 uictimae
1133 945 1267 1009 stercor
1288 964 1324 1008 ex
1345 944 1466 1009 assidua
1485 961 1579 1025 pecu-

450 1047 526 1111 dum
549 1047 639 1112 caede
660 1047 803 1129 profusus
823 1048 883 1112 nisi
906 1048 942 1111 ut
966 1048 1149 1112 daemonum
1172 1048 1362 1126 substantia,
1385 1047 1440 1128 qui
1455 1046 1578 1110 dioboli
1602 1069 1618 1108 a

450 1150 655 1227 procreatione
670 1151 868 1234 generantur,
884 1170 919 1215 en
933 1151 994 1216 istc
1009 1151 1158 1235 sanguine
1170 1151 1341 1215 nutriatur.
1358 1169 1430 1214 nam
1440 1150 1501 1214 ista
1513 1167 1579 1214 esse

450 1252 649 1335 Porphyrius,
666 1254 807 1318 deterreor
817 1253 1066 1333 simulacrorum,
1079 1254 1178 1319 hostis
1190 1254 1249 1333 dei,
1265 1254 1407 1319 ueritatis
1419 1253 1578 1331 inimicus,

338 1381 442 1426 romu.
452 1355 668 1420 sceleratarum
682 1357 798 1422 artium
811 1356 969 1440 magister,
983 1357 1158 1423 manifestis
1168 1357 1255 1421 nobis
1265 1356 1496 1439 probationibus
1508 1373 1579 1438 pro-

452 1458 542 1523 didit.
566 1458 598 1523 in
619 1459 708 1524 libris
729 1460 826 1539 enim,
849 1479 925 1542 quos
953 1461 1090 1543 appellat
1115 1459 1191 1546 περὶ
1211 1461 1268 1548 τῆς
1288 1458 1324 1525 ἐκ
1348 1455 1463 1544 λογίων
1484 1460 1579 1545 φιλο-

452 1557 584 1647 σοφίας,
607 1562 802 1626 maiestatem
818 1563 884 1627 eius
898 1562 1077 1650 praedicans
1093 1563 1129 1627 de
1144 1563 1326 1627 infirmitate
1348 1561 1503 1628 confessus
1519 1562 1577 1626 est.
1588 1585 1621 1647 ro

451 1665 484 1729 in
498 1665 608 1746 primis
624 1666 706 1730 enim
720 1666 871 1730 librorum
886 1666 1041 1748 partibus,
1064 1666 1098 1731 id
1118 1667 1165 1731 est
1185 1666 1217 1731 in
1236 1667 1312 1748 ipsis
1333 1665 1478 1748 auspiciis
1489 1667 1511 1747 †
1522 1684 1578 1749 pc-

452 1768 530 1831 situs
545 1768 638 1833 dixit:
667 1767 787 1850 Serapis
812 1771 939 1834 uocatus
966 1769 997 1833 et
1024 1770 1106 1833 intra
1132 1787 1240 1852 corpus
1276 1769 1409 1833 hominis
1439 1768 1586 1839 conlatus

422 1871 529 1939 5talia
549 1872 714 1954 respondit.
742 1871 848 1937 dicant
873 1891 955 1936 nunc
974 1872 1053 1936 mihi
1076 1872 1190 1956 perditi
1210 1872 1364 1937 homines:
1388 1871 1457 1954 quis
1476 1871 1580 1954 potior

452 1976 514 2052 est,
538 1975 591 2056 qui
606 1976 698 2039 uocat
713 1975 744 2039 et
758 1975 890 2057 imperat
905 1977 936 2040 et
950 1976 1098 2054 includit,
1122 1995 1160 2040 an
1176 1976 1229 2057 qui
1244 1976 1372 2040 uocatur
1393 1976 1424 2039 et
1444 1977 1532 2055 paret
1547 1976 1579 2039 et

452 2097 522 2142 cum
538 2077 657 2141 uenerit
670 2077 703 2142 in
718 2078 913 2161 suscipientis
927 2078 1061 2144 hominis
1076 2096 1198 2161 corpore
1213 2080 1365 2160 potestate
1379 2078 1514 2142 iubentis
1530 2078 1621 2140 in-1a

452 2180 609 2244 cluditur?
631 2181 748 2263 gratias
763 2181 901 2264 agimus,
917 2181 1083 2265 Porphyri,
1099 2182 1188 2246 libris
1209 2182 1288 2246 tuis:
1313 2181 1438 2246 deorum
1453 2180 1580 2244 tucrum

352 2367 354 2372 Ι
453 2284 540 2348 nobis
555 2283 761 2348 substantiam
783 2284 961 2366 prodidisti:
984 2284 1151 2349 didicimus
1171 2286 1277 2366 perte
1298 2284 1445 2366 quatenus
1466 2283 1511 2347 dii
1531 2283 1580 2347 tui

453 2386 629 2450 hominibus
642 2386 820 2452 iubentibus
835 2388 982 2452 semiant.
1012 2387 1132 2468 Serapis
1151 2388 1224 2451 tuus
1246 2388 1284 2451 ab
1306 2387 1428 2450 homine
1450 2388 1580 2450 uocatur

455 2490 486 2553 et
500 2489 587 2554 uenit
601 2491 632 2553 et
647 2508 718 2553 cum
733 2490 852 2554 uenerit
866 2491 975 2555 statim
995 2491 1097 2554 iussus
1118 2490 1288 2554 includitur
1308 2491 1339 2555 et
1359 2489 1504 2572 loquendi
1524 2506 1579 2552 ne-

356 2645 358 2650 .
425 2592 580 2658 dcessitas
605 2592 721 2656 nolenti
745 2593 874 2658 forsitan
898 2594 1077 2676 imperatur.
1113 2594 1156 2657 sic
1180 2595 1255 2675 aput
1277 2611 1332 2657 nos
1353 2595 1424 2657 deos
1450 2593 1621 2669 uestroque

455 2716 526 2761 oum
539 2695 716 2760 hominibus
730 2713 836 2761 nocere
847 2697 1015 2778 coeperint,
1031 2697 1169 2781 religiosi
1184 2698 1331 2762 sermonis
1346 2696 1470 2780 flagella
1484 2695 1579 2760 casti·

455 2799 545 2882 gant:
567 2800 611 2863 sic
625 2799 658 2863 in
672 2816 794 2881 corpore
809 2800 969 2864 hominum
990 2801 1150 2865 constituti
1165 2800 1209 2864 dii
1224 2800 1320 2865 uestri
1334 2800 1427 2865 uerbo
1441 2799 1499 2863 Dei
1515 2798 1579 2880 spi-

454 2901 594 2965 ritalium
618 2901 814 2966 flammarum
829 2901 900 2984 igne
919 2903 1111 2984 torquentur,
1134 2905 1164 2968 et
1184 2903 1237 2985 qui
1257 2904 1332 2984 aput
1352 2921 1407 2966 uos
1429 2901 1518 2983 quasi
1534 2901 1579 2965 dii

456 3005 612 3082 coluntur,
628 3004 703 3085 aput
717 3023 772 3069 nos
786 3005 947 3089 religiosae
961 3006 1034 3070 fidei
1048 3007 1183 3072 medelas
1199 3005 1314 3072 Christi
1329 3006 1431 3089 gratia
1445 3006 1579 3068 humano

456 3107 647 3172 subiacentes
662 3107 791 3190 imperio
807 3109 838 3172 et
862 3109 1016 3173 tormenta
1041 3112 1244 3194 repugnantes
1266 3109 1420 3173 sustinent
1446 3109 1477 3172 et
1501 3106 1579 3170 uicti
1589 3127 1621 3168 aa.

455 3210 560 3294 poenis
574 3210 737 3275 ultricibus
752 3211 965 3296 subiugantur.

508 3398 623 3454 2hodic
636 3417 654 3452 a
721 3400 885 3456 duictimac
897 3402 1008 3469 scripsi:
1027 3417 1150 3456 *inmo
1163 3403 1201 3466 P,
1229 3401 1363 3454 animacc
1378 3407 1402 3454 et
1415 3402 1513 3468 Birra,
1532 3400 1580 3454 scd

455 3491 538 3554 ceput
549 3486 659 3540 Lorerra
669 3487 709 3540 sic
721 3487 774 3556 tcpi
780 3502 876 3555 possa·
892 3486 964 3540 idem
975 3487 1066 3542 codice
1082 3489 1182 3541 iteruri
1198 3488 1319 3555 iuspecto
1336 3487 1475 3554 rescripsit
1491 3487 1579 3554 scrip·

453 3577 546 3625 turam
557 3589 575 3625 a
586 3590 628 3626 me
636 3574 806 3641 propositam
827 3589 861 3627 ea
881 3574 1037 3627 litterarum
1056 3574 1180 3642 uestipiis
1200 3579 1273 3628 certo
1289 3574 1449 3640 confirmari
1470 3574 1482 3638 ΙΙ
1505 3588 1582 3640 peco-

454 3657 557 3711 dumP
620 3658 766 3713 ditaessc
783 3660 925 3714 Wowcrce
989 3659 1226 3715 7simulacrorum
1238 3676 1300 3714 coe:
1320 3665 1481 3714 sarcirent
1498 3660 1580 3728 Pici

455 3749 573 3797 testatur
584 3744 720 3810 Boreae),
741 3743 888 3798 Stoicorum
900 3761 918 3797 a
930 3750 956 3799 ct
968 3744 1029 3797 edd.
1045 3746 1151 3812 inepte,
1170 3732 1308 3799 idolorum
1317 3744 1343 3798 J.
1353 3745 1403 3799 Fr.
1420 3744 1580 3799 Gronouires

466 3830 477 3895 ΙΙ
489 3829 602 3882 hostis..
620 3829 751 3896 magister
763 3830 804 3882 P:
824 3829 911 3884 hostis
923 3830 967 3883 dei
979 3830 1107 3884 ueritatis
1124 3830 1153 3883 in
1168 3831 1263 3884 multis
1280 3831 1468 3884 sceleratarum
1485 3831 1588 3899 impie·

455 3918 544 3970 tatum
565 3915 673 3983 scriptis
695 3932 726 3980 c;
744 3921 864 3969 extrema
881 3918 991 3984 primus
1016 3917 1219 3970 Wrtmauresirrs
1241 3917 1372 3984 dispexit,
1399 3934 1460 3970 cam
1481 3917 1581 3969 artium

455 4003 603 4070 mag·ste·
628 4003 660 4055 iri
680 4003 708 4055 P
726 4003 858 4069 scripturo
883 4018 938 4056 cese
961 4008 1113 4071 copcoeeet5
1143 4001 1383 4068 Reifferscheidiris
1403 4002 1503 4056 deiude
1530 4003 1583 4056 loci

456 4088 672 4142 emendationem
692 4089 902 4152 consummarat,
930 4104 991 4142 cum
1011 4103 1069 4141 aere
1090 4087 1237 4152 inmultis,
1256 4094 1288 4142 ut
1305 4094 1343 4142 est
1359 4089 1391 4141 ire
1408 4088 1580 4151 editioribus,

455 4174 502 4228 ced
515 4173 960 4228 inimicusiaPcocstareuiderct
1021 4173 1203 4229 9ΛΟΓΙΟΝ
1213 4174 1241 4227 Ρ
1302 4175 1337 4228 11
1358 4173 1484 4242 auspiciis
1497 4174 1586 4242 impe--

457 4263 547 4314 sturae
558 4261 628 4314 corii.
651 4258 684 4312 G.
703 4260 791 4325 Wolff
804 4260 969 4328 (Porphyrii
985 4260 1060 4327 reliq.
1075 4261 1195 4327 p.111),·
1217 4261 1340 4314 Wowero
1356 4260 1441 4312 uerba
1453 4259 1481 4312 id
1493 4261 1535 4311 est
1546 4290 1580 4297 —

455 4347 560 4416 positus
572 4347 702 4415 plossemu
713 4345 896 4413 uidebantur5
914 4346 979 4411 fort.
993 4345 1120 4414 auspiciis
1133 4345 1219 4414 operis
1232 4345 1274 4398 sui
1323 4345 1359 4400 12
1373 4345 1516 4398 collocatus
1529 4362 1547 4397 a

460 4433 496 4489 13
515 4432 575 4501 quis
587 4449 622 4488 a:
637 4432 683 4500 qui
695 4433 723 4485 P
775 4430 812 4486 16
830 4432 962 4500 Porphyri
974 4431 1044 4500 quod
1056 4427 1136 4486 libris
1147 4449 1166 4485 a
1224 4431 1261 4488 18
1280 4431 1434 4484 inuentibus
1441 4432 1474 4495 P,
1488 4431 1586 4484 uiuen-

457 4519 532 4573 tibus
543 4537 571 4588 a,
585 4535 631 4573 em.
640 4519 768 4574 Bursian
815 4517 1085 4586 22spiritua1iuma
1133 4519 1172 4574 24
1190 4517 1354 4572 medelasP:
1373 4517 1508 4570 medelae
1576 4558 1578 4562 ,
