4050 5559
457 539 502 602 44
877 535 1020 588 Minucii
1037 535 1166 590 Felicis

458 691 509 756 uel
523 691 705 755 inhumanas
720 689 863 755 uictimas
878 691 1016 768 caedere,
1047 691 1194 756 Romanis
1210 689 1361 756 Graecum
1377 692 1408 756 et
1423 689 1585 770 Graecam,

458 792 584 859 Gallum
596 791 756 858 etGallem
768 793 909 858 sacrificii
922 792 984 857 loeo
997 793 1137 859 uiuentes
1149 793 1284 872 obruere,
1293 794 1443 875 hodieque
1454 793 1493 858 ab
1505 795 1583 876 ipsis

457 895 591 960 Latiaris
606 896 746 977 Iuppiter
760 895 925 960 homicidio
947 896 1075 975 colitur,
1092 899 1123 961 61
1138 897 1218 978 qued
1233 896 1357 961 Saturni
1373 897 1437 961 filio
1453 897 1585 980 dignum

429 998 514 1075 5661,
545 998 664 1062 maliet
677 998 760 1061 nonii
782 998 915 1062 hominis
936 999 1085 1083 sanguine
1106 1000 1273 1083 saginatur.
1295 1000 1398 1081 ipsum
1424 1000 1583 1065 6161616-

459 1101 558 1165 ouisse
574 1100 732 1184 sanguinis
745 1099 864 1165 foedere
882 1102 1039 1166 coniurare
1052 1101 1228 1180 Catilinam,
1241 1104 1272 1167 et
1287 1102 1449 1167 Bellonam
1462 1121 1606 1168 sacrums

459 1223 550 1268 suum
579 1204 691 1268 haustu
711 1203 838 1268 humani
859 1204 973 1269 cruoris
993 1204 1146 1283 imbuere,
1178 1206 1210 1270 et
1229 1204 1415 1270 comitialem
1441 1205 1584 1270 morbum

431 1307 592 1371 6hominis
608 1307 765 1389 sanguine,
781 1306 814 1369 id
829 1307 876 1370 est
890 1308 996 1372 morbo
1012 1307 1151 1391 graviore
1167 1327 1282 1373 sanare.
1299 1325 1359 1371 non
1370 1307 1536 1373 dissimiles
1552 1309 1585 1373 et

459 1409 511 1490 qui
527 1409 564 1472 de
578 1409 691 1473 harena
705 1408 785 1473 16166
797 1410 946 1475 deuorant
957 1409 1063 1475 inlitas
1079 1413 1110 1475 61
1125 1409 1253 1475 infectas
1263 1411 1425 1474 cruoreuel
1436 1411 1586 1475 membris

459 1511 592 1576 hominis
607 1513 638 1576 et
653 1511 771 1577 uiscera
786 1513 950 1596 saginatas.
967 1513 1055 1578 nobis
1070 1513 1272 1578 homicidium
1283 1531 1338 1577 1166
1351 1513 1456 1597 611616
1467 1513 1515 1579 166
1530 1532 1586 1579 666

460 1614 574 1692 audire,
590 1615 774 1696 tantumque
789 1616 828 1679 ab
843 1616 977 1680 humano
992 1616 1139 1699 sanguine
1158 1634 1310 1694 muamus,
1327 1616 1363 1679 ut
1377 1634 1432 1680 nec
1446 1616 1584 1682 edulium
1594 1643 1622 1682 1o

458 1736 601 1799 pecorum
612 1719 645 1783 in
660 1718 737 1782 cibis
752 1719 932 1802 sanguinem
946 1723 1131 1784 nouerimus.

409 1820 446 1881 sl
502 1821 543 1884 Et
557 1821 596 1885 16
611 1820 727 1885 incesto
743 1821 883 1886 conuiuio
899 1821 1038 1886 fabulam
1054 1822 1200 1905 grandem
1216 1818 1380 1887 aduersum
1393 1840 1448 1886 nos
1460 1821 1584 1887 daemo-

459 1944 533 1988 num
549 1923 641 1987 coitio
656 1922 788 1987 mentita
802 1925 867 2001 661,
888 1925 925 1988 61
939 1923 1072 2007 gloriam
1095 1924 1262 2006 pudicitiae
1277 1924 1423 1989 deformis
1437 1924 1584 1989 infamiae

460 2026 631 2108 aspersione
654 2024 837 2104 macularet,
868 2027 995 2091 utente
1016 2028 1203 2107 exploratam
1228 2027 1392 2092 ueritatem
1413 2027 1586 2091 hominess

432 2129 547 2194 anobis
566 2129 681 2192 terrore
701 2127 844 2194 infandae
869 2129 1020 2211 opinionis
1048 2131 1208 2194 auerteret.
1240 2130 1285 2194 sio
1311 2130 1348 2193 16
1373 2131 1433 2193 1616
1454 2131 1486 2194 61
1512 2129 1585 2193 tuus
1594 2156 1620 2196 16

459 2232 572 2297 Fronto
594 2251 654 2296 non
678 2231 714 2295 ut
735 2231 913 2296 adfirmator
933 2232 1147 2296 testimonium
1169 2233 1256 2310 16611,
1287 2233 1340 2296 661
1360 2232 1534 2298 6666161616
1549 2233 1586 2295 61

460 2337 561 2400 616161
575 2334 741 2417 adspersit:
767 2335 842 2400 haec
857 2335 940 2399 enim
953 2335 1058 2416 potius
1073 2335 1110 2398 de
1125 2335 1238 2400 uestris
1254 2335 1398 2419 gentibus
1413 2336 1488 2400 nata
1501 2335 1583 2399 sunt.

432 2438 508 2504 3166
524 2439 571 2503 661
585 2437 667 2519 apud
677 2437 786 2502 Persas
801 2437 923 2502 misceri
938 2455 1010 2501 cum
1022 2436 1184 2514 matribus,
1200 2436 1365 2520 Aegyptiis
1378 2437 1409 2501 et
1415 2436 1585 2502 Athenien-

460 2541 545 2606 sibus
565 2558 635 2604 cum
656 2540 808 2605 sororibus
830 2539 974 2624 legitima
999 2539 1146 2617 conubia,
1178 2540 1342 2605 memoriae
1362 2542 1394 2604 et
1409 2539 1586 2624 tragoediae

460 2644 581 2709 uestrae
595 2643 720 2707 incestis
735 2642 917 2726 gloriantur,
934 2661 1009 2724 quas
1025 2660 1079 2706 uos
1094 2641 1226 2707 libenter
1241 2644 1272 2706 et
1286 2641 1393 2726 legitis
1409 2643 1440 2706 61
1450 2641 1621 2716 auditisne*

460 2747 504 2811 sic
519 2749 550 2813 et
564 2747 635 2811 deos
651 2746 752 2812 colitis
774 2747 919 2822 incestos,
950 2765 1021 2810 cum
1044 2746 1158 2823 matre,
1189 2764 1260 2810 cum
1280 2744 1362 2822 filia,
1390 2763 1461 2809 cum
1482 2762 1584 2809 661616

432 2849 645 2919 46661666166.
661 2849 880 2933 meritoigitur
895 2849 1047 2914 incestum
1060 2866 1152 2929 penes
1167 2866 1221 2913 uos
1234 2866 1322 2930 saepe
1338 2845 1585 2929 deprehenditur,

385 2941 388 2946 ’
461 2969 580 3033 semper
594 2951 781 3016 admittitur.
812 2951 906 3014 etiam
920 2951 1103 3028 6666166166,
1125 2950 1245 3029 miseri,
1269 2950 1399 3033 potestis
1414 2949 1448 3014 in
1463 2948 1588 3013 inlicita

461 3072 616 3135 proruere:
633 3055 707 3118 dum
723 3053 872 3118 Venerem
886 3053 1037 3136 promisce
1059 3053 1224 3137 spargitis,
1247 3053 1322 3116 dum
1337 3051 1453 3134 passim
1475 3051 1588 3116 liberos

513 3313 528 3365 1
546 3311 590 3365 uel
602 3311 761 3364 inhumanas
772 3310 903 3380 glossema
914 3310 1028 3364 uidetur
1044 3312 1056 3378 ΙΙ
1073 3309 1163 3363 661616
1173 3309 1200 3362 P
1219 3310 1231 3376 Η
1252 3307 1378 3363 1161116616
1394 3307 1487 3361 Veneta
1498 3307 1586 3360 Lectt.

461 3398 526 3452 Lat.
540 3401 591 3452 58:
609 3397 712 3451 romani
733 3397 775 3450 Pr
860 3395 1023 3451 2666111611
1040 3396 1078 3461 P,
1107 3393 1220 3447 sacrifici
1240 3410 1268 3458 r,
1296 3392 1423 3447 sacrificio
1440 3391 1586 3454 Wouerus,

461 3483 773 3552 66611161611196111666,
802 3482 830 3535 in
852 3480 989 3534 sacrificiis
1013 3481 1106 3536 Vonclr
1127 3486 1152 3533 61
1175 3480 1323 3548 Wopkens,
1356 3478 1425 3531 sacri
1446 3478 1504 3531 uice
1525 3477 1588 3530 Jac.

467 3569 641 3636 Grumentum·
670 3584 720 3622 nos
743 3568 800 3621 loco
823 3567 982 3621 addidimus
1046 3566 1216 3624 5uellonam
1233 3566 1260 3619 Ρ
1282 3567 1294 3633 ΙΙ
1316 3580 1422 3618 seruum
1442 3579 1555 3617 suumr

462 3654 480 3710 6
499 3658 578 3708 66616
591 3655 619 3707 Ρ
681 3654 698 3708 7
717 3669 769 3706 non
781 3653 911 3706 dissimile
924 3655 980 3717 est,
1000 3669 1059 3705 cum
1072 3653 1223 3705 Heumann
1236 3651 1293 3705 coit.
1310 3650 1423 3704 Tertnit.
1442 3648 1521 3716 Apol.
1536 3651 1553 3702 9

462 3739 481 3796 8
499 3740 599 3793 herena
611 3741 653 3793 P:
680 3754 760 3792 616116
781 3738 841 3793 edd.
865 3741 877 3807 ΙΙ
900 3738 1012 3792 16166166
1033 3755 1067 3792 1;
1092 3737 1208 3791 16166166
1220 3737 1247 3791 P
1298 3735 1439 3792 diuideret
1459 3736 1498 3800 P,
1516 3734 1589 3788 sedt

462 3840 543 3878 erasa
564 3827 576 3892 ΙΙ
599 3841 646 3878 nec
659 3825 750 3878 661116
762 3826 834 3878 obelo
846 3826 956 3879 notauit
968 3826 1120 3878 Heumann
1173 3824 1209 3879 12
1227 3823 1405 3876 demonumP
1458 3821 1494 3877 13
1507 3820 1588 3874 coitio

466 3910 599 3964 Vrsinus:
625 3911 694 3963 cotio
718 3912 758 3975 P,
789 3911 875 3964 contio
897 3912 925 3965 Ρ
945 3927 1014 3965 6616.
1036 3927 1123 3963 manu
1143 3911 1163 3962 2
1184 3914 1246 3962 etr
1299 3907 1336 3963 14
1355 3905 1505 3975 aspersione
1522 3905 1588 3959 Wo-

462 4012 562 4050 merus:
586 3995 722 4049 auersione
734 3997 777 4049 Pr
841 3997 878 4055 15
898 3999 983 4050 terror
1001 3997 1153 4050 Heumann
1217 3993 1254 4050 16
1273 3993 1359 4046 1161116
1381 4007 1433 4044 1166
1454 3992 1486 4043 61
1510 3989 1589 4044 adfir-

462 4084 550 4135 mator
570 4082 598 4135 P
620 4097 688 4135 corr.
711 4087 832 4135 1manu
853 4099 886 4135 en
909 4082 995 4135 fronte
1022 4097 1074 4134 non
1097 4082 1129 4134 ut
1152 4079 1274 4133 adfirmor
1302 4079 1315 4146 ll
1342 4075 1489 4131 conuitium
1512 4077 1555 4129 Pr

464 4168 501 4224 17
521 4167 662 4236 aspersitr
684 4169 696 4235 ll
719 4167 839 4220 sentibus
855 4168 947 4222 Venelc
959 4169 992 4221 L.
1007 4169 1040 4220 L.
1053 4184 1080 4234 p·
1095 4167 1200 4220 596611.
1216 4165 1323 4220 Sedntii
1336 4164 1434 4217 Pescla.
1449 4163 1507 4226 HI,
1531 4164 1589 4215 249

474 4255 487 4321 11
502 4255 565 4305 nota
578 4255 640 4306 sunt
652 4254 803 4307 Heumann
851 4252 887 4309 18
900 4252 1272 4306 1111161116116111661176666166.ο
1285 4249 1398 4304 Athenis
1409 4248 1451 4301 Pr
1461 4247 1589 4316 (Aegypti

464 4341 492 4392 et
503 4339 616 4393 Athenis
629 4339 770 4406 Idndner)
834 4338 869 4394 19
888 4325 999 4391 conubia
1011 4340 1039 4392 P
1050 4336 1119 4392 corr.
1138 4354 1172 4391 en
1189 4337 1314 4402 66111616,
1333 4334 1463 4388 6611116116
1481 4333 1541 4388 edd.
1566 4334 1579 4401 ΙΙ

464 4424 612 4478 6616661166
633 4425 661 4476 61
680 4424 833 4493 tragoediae
849 4423 967 4478 Vrsinus
1025 4424 1064 4480 24
1081 4425 1222 4492 promiscas
1236 4425 1263 4477 P
1281 4426 1347 4476 ante
1367 4436 1508 4483 rasuram,
1527 4435 1588 4488 pro·

464 4526 592 4564 16166661
