4050 5559
824 747 896 817 Cap.
917 747 997 804 6--7.
1446 752 1486 814 87

368 922 424 968 non
433 904 537 986 posset
552 906 583 968 31
595 923 665 968 cum
679 903 866 986 praeposteri
883 904 995 969 amoris
1017 906 1197 985 coqueretur
1219 903 1376 983 incendiis,
1396 922 1488 986 prope

367 1007 496 1071 Percum
524 1007 682 1072 inuentam
709 1006 862 1091 uirginem
887 1006 977 1089 rapit.
1011 1007 1125 1071 Porcus
1147 1007 1194 1070 est
1220 1008 1324 1071 autem
1347 1008 1431 1072 lacus
1456 1008 1489 1072 in

368 1109 490 1174 Hennae
502 1110 640 1174 ciuitatis
655 1109 766 1173 finibus
782 1108 858 1174 satis
870 1127 1016 1174 amoenus
1034 1110 1064 1173 et
1079 1111 1205 1193 gratus,
1218 1111 1304 1174 cuius
1320 1111 1488 1176 amoenitas

367 1231 398 1275 31
413 1211 524 1276 florum
540 1212 744 1277 uarietatibus
754 1212 905 1278 nascitur:
923 1231 996 1277 nam
1012 1231 1066 1294 per
1082 1230 1204 1277 omnem
1220 1232 1334 1278 annum
1350 1214 1490 1279 uicissim

341 1338 350 1375 s
367 1315 423 1379 sibi
438 1315 671 1380 succedentibus
686 1314 813 1379 floribus
828 1317 998 1380 coronatur.
1023 1315 1089 1380 illic
1105 1316 1241 1380 inuenies
1254 1316 1400 1398 quioquid
1410 1318 1517 1400 hya-2

367 1418 461 1483 cinthi
481 1419 586 1502 turget
602 1418 634 1482 in
659 1418 792 1497 caulem,
814 1418 881 1482 illic
896 1436 1014 1483 comam
1037 1419 1167 1483 narcissi
1187 1419 1237 1483 uel
1262 1419 1343 1500 quod
1363 1439 1489 1484 auream

366 1540 465 1587 rosam
480 1521 609 1603 desuper
619 1521 736 1604 pingit,
753 1521 819 1585 11113
833 1522 921 1586 31133
935 1521 1065 1586 hederae
1080 1541 1134 1604 per
1148 1523 1263 1586 terram
1274 1521 1411 1586 molliter
1425 1542 1489 1587 ser·

366 1625 440 1707 punt
456 1626 488 1688 et
503 1644 574 1689 cum
588 1625 749 1707 purpureis
766 1624 857 1688 uiolis
869 1624 1005 1688 suauiter
1017 1624 1129 1689 rubens
1144 1643 1302 1689 amaracus
1321 1625 1487 1702 inuenitur,

365 1746 417 1790 nec
431 1744 575 1792 coronam
596 1727 690 1791 istam
705 1727 775 1791 3113
800 1728 944 1792 desenmt
966 1727 1048 1790 lilia:
1069 1746 1193 1810 prorsus
1215 1729 1306 1809 aptus
1327 1727 1410 1791 loeus
1436 1728 1489 1808 qui

339 1831 465 1915 regratia
480 1848 536 1894 sua
550 1830 701 1912 puellares
714 1830 832 1894 animos
847 1831 878 1893 et
894 1830 1043 1894 inuitaret
1057 1830 1173 1911 pariter
1188 1832 1219 1894 31
1234 1831 1360 1895 teneret.
1384 1830 1416 1894 in
1431 1831 1494 1908 hoc¹

365 1933 428 1998 loco
445 1952 517 1997 cum
531 1952 549 1997 3
563 1933 694 1997 Plutone
709 1933 797 2016 uirgo
818 1941 910 2014 prope
931 1951 1089 2014 uesperam
1103 1934 1214 1998 fuisset
1230 1934 1372 2012 inuenta,
1389 1933 1421 1998 ui
1437 1953 1488 1998 13-

365 2036 448 2118 pitur
462 2037 494 2100 et
510 2035 746 2118 superimposita
760 2035 901 2101 uehiculo
917 2036 1020 2101 scissis
1036 2036 1174 2101 uestibus
1189 2037 1332 2102 laceratis
1354 2036 1488 2100 crinibus

365 2141 506 2205 ducitur:
530 2158 585 2203 nec
605 2139 733 2204 resecati
753 2158 870 2222 ungues
896 2141 1002 2203 contra
1023 2141 1191 2205 amatorem
1206 2140 1356 2205 rusticum
1371 2139 1489 2221 aliquid
1642 2220 1644 2223 ι

365 2242 567 2326 profuerunt}
600 2261 655 2306 nec
670 2242 785 2305 clamor
810 2242 901 2323 atque
926 2242 1064 2306 ululatus
1090 2242 1211 2307 adiuuit
1236 2262 1292 2308 nec
1318 2245 1489 2308 ceterarum
1497 2259 1542 2300 sor.
1555 2260 1590 2302 aa.

337 2354 357 2395 ¹⁵
365 2345 513 2427 strepitus
529 2345 710 2426 puellarum.
726 2345 800 2408 tunc
815 2364 876 2410 una
891 2345 980 2409 celeri
995 2364 1100 2424 cursu,
1118 2365 1188 2410 cum
1204 2346 1241 2410 de
1256 2346 1384 2411 ciuitate
1398 2355 1514 2411 nem03

364 2448 567 2525 succurreret,
584 2446 666 2511 facta
688 2467 724 2511 31
743 2448 809 2530 ipso
822 2449 932 2512 timore
953 2448 1085 2512 uelocior
1099 2449 1193 2512 matri
1210 2450 1335 2530 raptum
1355 2448 1487 2532 uirginis

363 2551 496 2616 nuntiat.
513 2550 618 2614 contra
632 2550 786 2631 raptorem
796 2550 957 2634 indignata
968 2551 1068 2615 mater
1080 2554 1232 2616 armatam
1247 2570 1373 2615 manum
1385 2550 1486 2614 ducit:
1586 2621 1589 2630 Ι

364 2673 418 2719 nee
428 2653 594 2718 Plutonem
609 2654 748 2718 mulieris
763 2653 875 2719 fefellit
895 2654 1062 2732 aduentus,
1086 2653 1139 2718 sed
1160 2656 1195 2718 ut
1210 2654 1335 2719 retorsit
1355 2653 1487 2718 3131111-

364 2757 462 2821 tatem
478 2756 580 2820 oculos
601 2758 633 2820 31
650 2756 786 2821 infinitos
801 2775 909 2821 cuneos
930 2757 1063 2837 respexit
1086 2757 1191 2821 uenire
1211 2777 1281 2822 cum
1296 2759 1411 2834 matre,
1438 2756 1488 2820 fu-

334 2861 488 2927 ronestum
505 2859 585 2940 cepit
600 2878 636 2923 31
654 2859 862 2940 desperatione
878 2859 1057 2924 consilium:
1081 2861 1264 2945 quadrigam
1289 2881 1349 2943 qua
1361 2860 1489 2925 uehicu-

364 2965 431 3028 lum
445 2965 626 3029 trahebatur
640 2985 695 3048 per
709 2965 846 3029 medium
857 2965 959 3029 lacum
975 2966 1102 3050 dirigit:
1130 2963 1157 3030 is
1174 2965 1239 3030 erat
1254 2963 1413 3046 profundis
1434 2979 1489 3026 uo·

364 3067 523 3151 raginibus
548 3067 721 3132 immersus.
741 3067 807 3131 illic
832 3087 902 3132 cum
928 3070 1032 3133 amata
1056 3069 1232 3134 submersus
1255 3068 1376 3151 uirgine
1396 3067 1490 3131 mise-

365 3171 477 3235 randae
487 3170 582 3234 matri
592 3170 628 3234 de
640 3171 739 3234 morte
753 3169 835 3234 filiae
847 3169 1006 3236 funestum
1018 3172 1227 3253 spectaculum
1238 3171 1390 3254 praebuit.
1403 3170 1489 3233 Hen-
1501 3171 1519 3225 4
1532 3226 1533 3229 ,

364 3292 472 3338 nenses
487 3273 523 3336 ut
543 3275 666 3354 possent
684 3274 831 3338 maternis
851 3273 987 3338 luctibus
1011 3292 1047 3337 31
1062 3275 1166 3356 aliqua
1181 3273 1268 3354 parte
1288 3272 1424 3337 inuenire
1440 3288 1489 3335 so-

333 3376 489 3454 alecium,
505 3376 672 3441 inferorum
687 3394 792 3459 regem
805 3376 959 3460 uirginem
973 3377 1111 3458 rapuisse
1122 3375 1300 3452 fincxerunt,
1318 3374 1348 3438 et
1364 3375 1399 3437 ut
1413 3373 1488 3436 fides
1594 3386 1596 3397 ·

365 3479 514 3562 figmenta
529 3480 720 3560 sequeretur,
731 3497 824 3561 prope
840 3479 1004 3562 Syracusas
1019 3498 1090 3543 cum
1113 3496 1166 3559 per
1188 3477 1285 3541 alium
1299 3477 1401 3541 locum
1419 3494 1490 3539 cum

365 3581 486 3665 uirgine
505 3570 663 3646 emersisse
682 3582 844 3646 iactarunt.
873 3582 1025 3664 templum
1046 3600 1118 3646 sane
1139 3582 1169 3644 31
1185 3580 1305 3663 raptori
1327 3579 1358 3643 et
1372 3578 1489 3661 uirgini

365 3685 505 3748 accurate
520 3684 648 3749 conlatis
670 3684 846 3766 sumptibus
860 3684 979 3749 faciunt
995 3685 1027 3748 et
1042 3703 1142 3748 annua
1162 3684 1195 3749 in
1210 3683 1326 3765 templo
1347 3682 1420 3746 uota
1436 3681 1490 3745 de-

366 3788 507 3851 cernunt:
524 3788 576 3851 sed
591 3786 675 3851 nullo
690 3806 799 3870 genere
814 3789 923 3852 matris
939 3788 1025 3852 dolor
1040 3787 1175 3851 uincitur
1195 3806 1251 3851 nec
1265 3784 1490 3850 muliebrisin-

334 3890 532 3971 apatientiae
547 3892 702 3955 tormenta
717 3894 875 3969 curantur,
893 3891 946 3956 sed
962 3890 1085 3956 credens
1097 3910 1168 3957 uere
1180 3891 1279 3954 filiam
1290 3907 1383 3982 prope
1398 3886 1490 3971 Syra-

366 4012 453 4058 cusas
469 4013 534 4058 esse
549 3994 666 4072 uisam,
684 3994 873 4076 Triptolemo
889 3994 964 4059 duce
979 3993 1074 4058 uilico
1089 4011 1142 4059 suo
1157 3992 1313 4058 nocturnis
1328 3990 1490 4056 itineribus

366 4096 404 4160 31
420 4095 625 4179 Syracusanae
641 4097 778 4161 ciuitatis
792 4097 868 4161 litus
881 4115 951 4161 cum
963 4096 1089 4180 lugubri
1104 4097 1190 4162 ueste
1211 4116 1246 4161 ae
1262 4095 1383 4160 sordido
1399 4111 1491 4173 squa-

365 4198 429 4263 lore
444 4199 593 4297 peruenit.
610 4218 665 4263 nec
679 4199 745 4264 11113
762 4199 860 4264 defuit
875 4200 928 4282 qui
943 4199 1100 4264 credulam
1117 4199 1154 4264 de
1177 4199 1406 4264 calamitatibus
1427 4188 1491 4264 suis

420 4386 435 4441 1
450 4401 509 4438 cum
521 4385 552 4439 de
564 4401 652 4454 praep.
666 4401 688 4439 3.
702 4388 904 4454 conquereretur
915 4403 946 4460 3ἱ
985 4387 1004 4441 2
1022 4386 1124 4456 Pergus
1138 4385 1217 4441 Ouid.
1233 4387 1343 4441 Metam.
1357 4387 1387 4454 V,
1401 4390 1457 4441 386

366 4471 384 4528 5
402 4471 524 4540 yacinthi
535 4475 564 4536 P,
575 4477 605 4525 at
617 4473 652 4538 cf.
660 4488 686 4526 o.
701 4475 745 4539 12,
758 4474 778 4524 2
836 4471 853 4527 6
872 4487 981 4524 aureum
993 4473 1021 4525 P
1088 4472 1126 4528 13
1146 4472 1259 4526 resecati
1277 4472 1317 4526 M.
1329 4473 1429 4540 Haupt
1447 4473 1491 4540 (ico

364 4557 467 4611 Hermo
480 4557 524 4624 11,
537 4557 784 4624 8):reseruatiPa
836 4556 871 4613 16
889 4557 1067 4626 ipsoPcorr.
1080 4574 1114 4611 eoo
1131 4557 1187 4626 ipse
1240 4556 1275 4614 18
1292 4557 1457 4612 retrorsitP

365 4642 402 4699 20
419 4643 663 4711 qua..trahebatur
675 4660 739 4697 reos:
752 4642 1096 4712 qua..trahebatP,.quae.
1106 4643 1243 4697 ,1131131131
1253 4661 1271 4696 3
1322 4643 1360 4699 22
1379 4645 1490 4697 immen-

327 4798 329 4803 .
365 4728 494 4781 sus-ZF.
510 4727 670 4781 Groaocc'us
721 4727 759 4786 27
778 4728 938 4782 mersisseP
989 4728 1122 4785 301113..
1135 4728 1194 4782 uisa
1207 4730 1234 4782 P
1285 4727 1322 4784 31
1336 4729 1456 4784 uillicoa

366 4812 403 4870 33
416 4813 476 4866 illic
488 4815 516 4867 P
527 4815 604 4881 (teste
616 4814 764 4882 Loreacro)
777 4818 803 4866 31
819 4813 928 4868 Oeblcr:
945 4814 988 4867 illi
1001 4832 1020 4867 a
