<?xml version="1.0" encoding="UTF-8"?>
<!DOCTYPE html PUBLIC "-//W3C//DTD XHTML 1.0 Transitional//EN"
    "http://www.w3.org/TR/xhtml1/DTD/xhtml1-transitional.dtd">
<html xmlns="http://www.w3.org/1999/xhtml" xml:lang="en" lang="en">
 <head>
  <title>
</title>
<meta http-equiv="Content-Type" content="text/html;charset=utf-8" />
  <meta name='ocr-system' content='tesseract 3.04.00' />
  <meta name='ocr-capabilities' content='ocr_page ocr_carea ocr_par ocr_line ocrx_word'/>
</head>
<body>
  <div class='ocr_page' id='page_1' title='image "./mminuciifelicis00halmgoog/mminuciifelicis00halmgoog_0142.png"; bbox 0 0 4050 5559; ppageno 0'>
   <div class='ocr_carea' id='block_1_1' title="bbox 471 591 1172 659">
    <p class='ocr_par' dir='ltr' id='par_1_1' title="bbox 471 591 1172 659">
     <span class='ocr_line' id='line_1_1' title="bbox 471 591 1172 659; baseline 0 -15"><span class='ocrx_word' id='word_1_1' title='bbox 471 595 532 659; x_wconf 71' lang='grc'>104</span> <span class='ocrx_word' id='word_1_2' title='bbox 862 591 1007 645; x_wconf 78' lang='lat' dir='ltr'>Firmici</span> <span class='ocrx_word' id='word_1_3' title='bbox 1024 592 1172 645; x_wconf 77' lang='lat' dir='ltr'>Materni</span> 
     </span>
    </p>
   </div>
   <div class='ocr_carea' id='block_1_2' title="bbox 356 747 1627 3711">
    <p class='ocr_par' dir='ltr' id='par_1_2' title="bbox 356 747 1627 3711">
     <span class='ocr_line' id='line_1_2' title="bbox 469 747 1589 833; baseline 0 -21"><span class='ocrx_word' id='word_1_4' title='bbox 469 766 599 812; x_wconf 81' lang='lat' dir='ltr'>emonem</span> <span class='ocrx_word' id='word_1_5' title='bbox 620 749 711 812; x_wconf 93' lang='lat' dir='ltr'>tuum</span> <span class='ocrx_word' id='word_1_6' title='bbox 730 748 830 829; x_wconf 90' lang='lat' dir='ltr'>turpis</span> <span class='ocrx_word' id='word_1_7' title='bbox 850 751 970 833; x_wconf 90' lang='lat' dir='ltr'>egestas</span> <span class='ocrx_word' id='word_1_8' title='bbox 985 747 1158 828; x_wconf 77' lang='lat' dir='ltr'>insequitur</span> <span class='ocrx_word' id='word_1_9' title='bbox 1172 750 1203 812; x_wconf 90' lang='lat' dir='ltr'>et</span> <span class='ocrx_word' id='word_1_10' title='bbox 1219 747 1388 814; x_wconf 90' lang='lat' dir='ltr'>ceruicibus</span> <span class='ocrx_word' id='word_1_11' title='bbox 1403 749 1467 813; x_wconf 91' lang='lat' dir='ltr'>tuis</span> <span class='ocrx_word' id='word_1_12' title='bbox 1483 766 1589 813; x_wconf 91' lang='lat' dir='ltr'>onero·</span> 
     </span>
     <span class='ocr_line' id='line_1_3' title="bbox 469 851 1590 936; baseline -0.001 -19"><span class='ocrx_word' id='word_1_13' title='bbox 469 873 538 918; x_wconf 90' lang='lat' dir='ltr'>sum</span> <span class='ocrx_word' id='word_1_14' title='bbox 553 852 742 936; x_wconf 78' lang='lat' dir='ltr'>paupertatis</span> <span class='ocrx_word' id='word_1_15' title='bbox 755 852 899 916; x_wconf 87' lang='lat' dir='ltr'>imminet</span> <span class='ocrx_word' id='word_1_16' title='bbox 913 851 1042 934; x_wconf 91' lang='lat' dir='ltr'>pondus.</span> <span class='ocrx_word' id='word_1_17' title='bbox 1065 852 1157 915; x_wconf 93' lang='lat' dir='ltr'>illum</span> <span class='ocrx_word' id='word_1_18' title='bbox 1173 870 1263 933; x_wconf 91' lang='lat' dir='ltr'>quem</span> <span class='ocrx_word' id='word_1_19' title='bbox 1279 851 1410 933; x_wconf 82' lang='lat' dir='ltr'>despicis</span> <span class='ocrx_word' id='word_1_20' title='bbox 1424 870 1590 934; x_wconf 90' lang='lat' dir='ltr'>pauperem</span> 
     </span>
     <span class='ocr_line' id='line_1_4' title="bbox 467 953 1589 1039; baseline 0 -21"><span class='ocrx_word' id='word_1_21' title='bbox 467 955 573 1039; x_wconf 89' lang='lat' dir='ltr'>largus</span> <span class='ocrx_word' id='word_1_22' title='bbox 600 955 630 1019; x_wconf 91' lang='grc'>61</span> <span class='ocrx_word' id='word_1_23' title='bbox 656 955 742 1020; x_wconf 89' lang='lat' dir='ltr'>diuos</span> <span class='ocrx_word' id='word_1_24' title='bbox 757 956 817 1033; x_wconf 90' lang='grc'><strong>661,</strong></span> <span class='ocrx_word' id='word_1_25' title='bbox 847 955 941 1019; x_wconf 93' lang='lat' dir='ltr'>sedile</span> <span class='ocrx_word' id='word_1_26' title='bbox 974 954 1022 1018; x_wconf 91' lang='lat' dir='ltr'>illi</span> <span class='ocrx_word' id='word_1_27' title='bbox 1048 953 1205 1019; x_wconf 81' lang='lat' dir='ltr'>Abraham</span> <span class='ocrx_word' id='word_1_28' title='bbox 1219 955 1252 1020; x_wconf 92' lang='lat' dir='ltr'>in</span> <span class='ocrx_word' id='word_1_29' title='bbox 1266 954 1335 1018; x_wconf 89' lang='lat' dir='ltr'>sinu</span> <span class='ocrx_word' id='word_1_30' title='bbox 1350 972 1404 1017; x_wconf 89' lang='lat' dir='ltr'>suo</span> <span class='ocrx_word' id='word_1_31' title='bbox 1419 955 1589 1036; x_wconf 87' lang='lat' dir='ltr'>praeparat.</span> 
     </span>
     <span class='ocr_line' id='line_1_5' title="bbox 469 1056 1591 1140; baseline 0.001 -20"><span class='ocrx_word' id='word_1_32' title='bbox 469 1058 542 1122; x_wconf 93' lang='lat' dir='ltr'>tunc</span> <span class='ocrx_word' id='word_1_33' title='bbox 567 1058 603 1121; x_wconf 87' lang='lat' dir='ltr'>tu</span> <span class='ocrx_word' id='word_1_34' title='bbox 625 1077 678 1139; x_wconf 91' lang='lat' dir='ltr'>per</span> <span class='ocrx_word' id='word_1_35' title='bbox 692 1059 851 1123; x_wconf 88' lang='lat' dir='ltr'>interiecta</span> <span class='ocrx_word' id='word_1_36' title='bbox 866 1058 967 1140; x_wconf 88' lang='lat' dir='ltr'>spatia</span> <span class='ocrx_word' id='word_1_37' title='bbox 980 1057 1176 1122; x_wconf 86' lang='lat' dir='ltr'>flammarum</span> <span class='ocrx_word' id='word_1_38' title='bbox 1191 1057 1231 1121; x_wconf 92' lang='lat' dir='ltr'>ad</span> <span class='ocrx_word' id='word_1_39' title='bbox 1245 1056 1421 1140; x_wconf 91' lang='lat' dir='ltr'>mitiganda</span> <span class='ocrx_word' id='word_1_40' title='bbox 1436 1056 1591 1122; x_wconf 90' lang='lat' dir='ltr'>conscien-</span> 
     </span>
     <span class='ocr_line' id='line_1_6' title="bbox 469 1160 1622 1243; baseline -0.001 -19"><span class='ocrx_word' id='word_1_41' title='bbox 469 1161 531 1225; x_wconf 82' lang='lat' dir='ltr'>tiae</span> <span class='ocrx_word' id='word_1_42' title='bbox 546 1162 617 1226; x_wconf 90' lang='lat' dir='ltr'>tuac</span> <span class='ocrx_word' id='word_1_43' title='bbox 631 1161 760 1226; x_wconf 91' lang='lat' dir='ltr'>uulnera</span> <span class='ocrx_word' id='word_1_44' title='bbox 773 1162 895 1225; x_wconf 89' lang='lat' dir='ltr'>tenuem</span> <span class='ocrx_word' id='word_1_45' title='bbox 911 1161 949 1225; x_wconf 89' lang='lat' dir='ltr'>ab</span> <span class='ocrx_word' id='word_1_46' title='bbox 966 1179 1000 1225; x_wconf 91' lang='lat' dir='ltr'>eo</span> <span class='ocrx_word' id='word_1_47' title='bbox 1015 1161 1163 1225; x_wconf 89' lang='lat' dir='ltr'>stillantis</span> <span class='ocrx_word' id='word_1_48' title='bbox 1179 1179 1274 1241; x_wconf 89' lang='lat' dir='ltr'>aquae</span> <span class='ocrx_word' id='word_1_49' title='bbox 1299 1160 1457 1243; x_wconf 89' lang='lat' dir='ltr'>guttulam</span> <span class='ocrx_word' id='word_1_50' title='bbox 1482 1160 1590 1242; x_wconf 91' lang='lat' dir='ltr'>postu·</span> <span class='ocrx_word' id='word_1_51' title='bbox 1612 1185 1622 1223; x_wconf 78' lang='lat' dir='ltr'>c</span> 
     </span>
     <span class='ocr_line' id='line_1_7' title="bbox 469 1262 1591 1345; baseline -0.003 -18"><span class='ocrx_word' id='word_1_52' title='bbox 469 1264 548 1328; x_wconf 88' lang='lat' dir='ltr'>labis</span> <span class='ocrx_word' id='word_1_53' title='bbox 562 1281 617 1328; x_wconf 86' lang='lat' dir='ltr'>noo</span> <span class='ocrx_word' id='word_1_54' title='bbox 630 1263 689 1327; x_wconf 89' lang='lat' dir='ltr'>tibi</span> <span class='ocrx_word' id='word_1_55' title='bbox 704 1264 810 1328; x_wconf 91' lang='lat' dir='ltr'>uolens</span> <span class='ocrx_word' id='word_1_56' title='bbox 824 1264 956 1328; x_wconf 85' lang='lat' dir='ltr'>Lazarus</span> <span class='ocrx_word' id='word_1_57' title='bbox 971 1264 1175 1328; x_wconf 90' lang='lat' dir='ltr'>lenimentum</span> <span class='ocrx_word' id='word_1_58' title='bbox 1189 1262 1302 1327; x_wconf 89' lang='lat' dir='ltr'>doloris</span> <span class='ocrx_word' id='word_1_59' title='bbox 1318 1263 1365 1326; x_wconf 92' lang='lat' dir='ltr'>tui</span> <span class='ocrx_word' id='word_1_60' title='bbox 1380 1262 1434 1327; x_wconf 89' lang='lat' dir='ltr'>aut</span> <span class='ocrx_word' id='word_1_61' title='bbox 1449 1263 1522 1326; x_wconf 93' lang='lat' dir='ltr'>dare</span> <span class='ocrx_word' id='word_1_62' title='bbox 1536 1279 1591 1345; x_wconf 94' lang='lat' dir='ltr'>po·</span> 
     </span>
     <span class='ocr_line' id='line_1_8' title="bbox 469 1365 1591 1449; baseline -0.002 -19"><span class='ocrx_word' id='word_1_63' title='bbox 469 1367 542 1431; x_wconf 88' lang='lat' dir='ltr'>terit</span> <span class='ocrx_word' id='word_1_64' title='bbox 557 1368 610 1430; x_wconf 92' lang='lat' dir='ltr'>aut</span> <span class='ocrx_word' id='word_1_65' title='bbox 624 1367 796 1447; x_wconf 89' lang='lat' dir='ltr'>impetrare.</span> <span class='ocrx_word' id='word_1_66' title='bbox 820 1367 1012 1449; x_wconf 91' lang='lat' dir='ltr'>singulorum</span> <span class='ocrx_word' id='word_1_67' title='bbox 1033 1366 1114 1431; x_wconf 90' lang='lat' dir='ltr'>enim</span> <span class='ocrx_word' id='word_1_68' title='bbox 1134 1366 1201 1448; x_wconf 92' lang='lat' dir='ltr'>pari</span> <span class='ocrx_word' id='word_1_69' title='bbox 1216 1365 1318 1448; x_wconf 89' lang='lat' dir='ltr'>gratia</span> <span class='ocrx_word' id='word_1_70' title='bbox 1332 1365 1445 1429; x_wconf 91' lang='lat' dir='ltr'>merita</span> <span class='ocrx_word' id='word_1_71' title='bbox 1460 1383 1591 1446; x_wconf 90' lang='lat' dir='ltr'>pensan-</span> 
     </span>
     <span class='ocr_line' id='line_1_9' title="bbox 423 1467 1591 1556; baseline 0.001 -26"><span class='ocrx_word' id='word_1_72' title='bbox 423 1510 444 1556; x_wconf 20' lang='lat'>*-</span> <span class='ocrx_word' id='word_1_73' title='bbox 468 1468 534 1531; x_wconf 89' lang='lat' dir='ltr'>tur:</span> <span class='ocrx_word' id='word_1_74' title='bbox 556 1468 604 1532; x_wconf 91' lang='lat' dir='ltr'>illi</span> <span class='ocrx_word' id='word_1_75' title='bbox 625 1468 692 1534; x_wconf 87' lang='lat' dir='ltr'>uita</span> <span class='ocrx_word' id='word_1_76' title='bbox 713 1470 865 1534; x_wconf 83' lang='lat' dir='ltr'>confertur</span> <span class='ocrx_word' id='word_1_77' title='bbox 884 1470 1008 1552; x_wconf 90' lang='lat' dir='ltr'>propter</span> <span class='ocrx_word' id='word_1_78' title='bbox 1027 1469 1118 1533; x_wconf 91' lang='lat' dir='ltr'>huius</span> <span class='ocrx_word' id='word_1_79' title='bbox 1141 1469 1255 1534; x_wconf 89' lang='lat' dir='ltr'>saeculi</span> <span class='ocrx_word' id='word_1_80' title='bbox 1269 1468 1369 1546; x_wconf 85' lang='lat' dir='ltr'>mala,</span> <span class='ocrx_word' id='word_1_81' title='bbox 1392 1467 1452 1532; x_wconf 91' lang='lat' dir='ltr'>tibi</span> <span class='ocrx_word' id='word_1_82' title='bbox 1466 1469 1591 1551; x_wconf 91' lang='lat' dir='ltr'>proptor</span> 
     </span>
     <span class='ocr_line' id='line_1_10' title="bbox 441 1569 1592 1655; baseline 0 -21"><span class='ocrx_word' id='word_1_83' title='bbox 441 1569 560 1646; x_wconf 69' lang='lat' dir='ltr'>phuius</span> <span class='ocrx_word' id='word_1_84' title='bbox 580 1572 693 1636; x_wconf 89' lang='lat' dir='ltr'>saeculi</span> <span class='ocrx_word' id='word_1_85' title='bbox 713 1572 791 1636; x_wconf 92' lang='lat' dir='ltr'>bona</span> <span class='ocrx_word' id='word_1_86' title='bbox 810 1574 957 1654; x_wconf 87' lang='lat' dir='ltr'>perpetua</span> <span class='ocrx_word' id='word_1_87' title='bbox 979 1573 1201 1636; x_wconf 91' lang='lat' dir='ltr'>tormentorum</span> <span class='ocrx_word' id='word_1_88' title='bbox 1228 1591 1325 1655; x_wconf 91' lang='lat' dir='ltr'>poena</span> <span class='ocrx_word' id='word_1_89' title='bbox 1351 1571 1533 1635; x_wconf 84' lang='lat' dir='ltr'>decernitur.</span> <span class='ocrx_word' id='word_1_90' title='bbox 1557 1571 1592 1634; x_wconf 90' lang='lat' dir='ltr'>ut</span> 
     </span>
     <span class='ocr_line' id='line_1_11' title="bbox 468 1674 1626 1757; baseline 0.002 -19"><span class='ocrx_word' id='word_1_91' title='bbox 468 1677 572 1740; x_wconf 87' lang='lat' dir='ltr'>autem</span> <span class='ocrx_word' id='word_1_92' title='bbox 586 1674 780 1739; x_wconf 88' lang='lat' dir='ltr'>manifestius</span> <span class='ocrx_word' id='word_1_93' title='bbox 796 1674 961 1739; x_wconf 90' lang='lat' dir='ltr'>disceretur</span> <span class='ocrx_word' id='word_1_94' title='bbox 976 1675 1103 1756; x_wconf 89' lang='lat' dir='ltr'>quinam</span> <span class='ocrx_word' id='word_1_95' title='bbox 1124 1676 1178 1739; x_wconf 93' lang='lat' dir='ltr'>ille</span> <span class='ocrx_word' id='word_1_96' title='bbox 1199 1674 1403 1757; x_wconf 80' lang='grc'><strong>6666166616,</strong></span> <span class='ocrx_word' id='word_1_97' title='bbox 1426 1692 1481 1756; x_wconf 90' lang='lat' dir='ltr'>per</span> <span class='ocrx_word' id='word_1_98' title='bbox 1501 1692 1593 1756; x_wconf 91' lang='lat' dir='ltr'>quem</span> <span class='ocrx_word' id='word_1_99' title='bbox 1602 1701 1626 1741; x_wconf 87' lang='lat' dir='ltr'>ro</span> 
     </span>
     <span class='ocr_line' id='line_1_12' title="bbox 474 1778 1595 1860; baseline 0.001 -19"><span class='ocrx_word' id='word_1_100' title='bbox 474 1779 603 1843; x_wconf 89' lang='lat' dir='ltr'>miserae</span> <span class='ocrx_word' id='word_1_101' title='bbox 617 1778 726 1843; x_wconf 90' lang='lat' dir='ltr'>mortis</span> <span class='ocrx_word' id='word_1_102' title='bbox 741 1779 907 1843; x_wconf 90' lang='lat' dir='ltr'>uincuntur</span> <span class='ocrx_word' id='word_1_103' title='bbox 921 1778 1032 1856; x_wconf 86' lang='lat' dir='ltr'>exitia,</span> <span class='ocrx_word' id='word_1_104' title='bbox 1055 1778 1120 1860; x_wconf 93' lang='lat' dir='ltr'>ipse</span> <span class='ocrx_word' id='word_1_105' title='bbox 1146 1778 1286 1842; x_wconf 90' lang='lat' dir='ltr'>dominus</span> <span class='ocrx_word' id='word_1_106' title='bbox 1313 1778 1416 1842; x_wconf 89' lang='lat' dir='ltr'>sancto</span> <span class='ocrx_word' id='word_1_107' title='bbox 1442 1796 1477 1840; x_wconf 91' lang='grc'>66</span> <span class='ocrx_word' id='word_1_108' title='bbox 1502 1796 1595 1842; x_wconf 88' lang='lat' dir='ltr'>uene·</span> 
     </span>
     <span class='ocr_line' id='line_1_13' title="bbox 472 1880 1596 1964; baseline 0 -20"><span class='ocrx_word' id='word_1_109' title='bbox 472 1881 564 1944; x_wconf 93' lang='lat' dir='ltr'>rando</span> <span class='ocrx_word' id='word_1_110' title='bbox 580 1898 630 1944; x_wconf 89' lang='lat' dir='ltr'>ore</span> <span class='ocrx_word' id='word_1_111' title='bbox 645 1880 797 1964; x_wconf 84' lang='lat' dir='ltr'>signauit,</span> <span class='ocrx_word' id='word_1_112' title='bbox 813 1900 851 1945; x_wconf 90' lang='lat' dir='ltr'>ne</span> <span class='ocrx_word' id='word_1_113' title='bbox 865 1900 919 1962; x_wconf 90' lang='lat' dir='ltr'>per</span> <span class='ocrx_word' id='word_1_114' title='bbox 930 1881 1068 1945; x_wconf 89' lang='lat' dir='ltr'>diuersos</span> <span class='ocrx_word' id='word_1_115' title='bbox 1079 1881 1228 1945; x_wconf 88' lang='lat' dir='ltr'>tractatus</span> <span class='ocrx_word' id='word_1_116' title='bbox 1240 1899 1309 1963; x_wconf 89' lang='lat' dir='ltr'>spes</span> <span class='ocrx_word' id='word_1_117' title='bbox 1319 1880 1479 1944; x_wconf 91' lang='lat' dir='ltr'>hominum</span> <span class='ocrx_word' id='word_1_118' title='bbox 1490 1880 1596 1963; x_wconf 90' lang='lat' dir='ltr'>prauis</span> 
     </span>
     <span class='ocr_line' id='line_1_14' title="bbox 356 1982 1596 2066; baseline 0.002 -21"><span class='ocrx_word' id='word_1_119' title='bbox 356 2008 459 2052; x_wconf 65' lang='lat' dir='ltr'>nona.</span> <span class='ocrx_word' id='word_1_120' title='bbox 471 1982 774 2064; x_wconf 85' lang='lat' dir='ltr'>interpretationibus</span> <span class='ocrx_word' id='word_1_121' title='bbox 790 1982 978 2048; x_wconf 86' lang='lat' dir='ltr'>fallerentur.</span> <span class='ocrx_word' id='word_1_122' title='bbox 995 1983 1041 2048; x_wconf 90' lang='grc'>611</span> <span class='ocrx_word' id='word_1_123' title='bbox 1060 1985 1064 2066; x_wconf 80' lang='grc' dir='ltr'>Ι</span> <span class='ocrx_word' id='word_1_124' title='bbox 1085 1984 1166 2048; x_wconf 91' lang='lat' dir='ltr'>enim</span> <span class='ocrx_word' id='word_1_125' title='bbox 1180 1983 1214 2046; x_wconf 92' lang='lat' dir='ltr'>in</span> <span class='ocrx_word' id='word_1_126' title='bbox 1228 1983 1385 2066; x_wconf 89' lang='lat' dir='ltr'>euangelio</span> <span class='ocrx_word' id='word_1_127' title='bbox 1401 1983 1468 2046; x_wconf 89' lang='grc'><strong>6616</strong></span> <span class='ocrx_word' id='word_1_128' title='bbox 1483 1982 1596 2047; x_wconf 90' lang='lat' dir='ltr'>Iohan-</span> 
     </span>
     <span class='ocr_line' id='line_1_15' title="bbox 473 2079 1597 2170; baseline 0 -20"><span class='ocrx_word' id='word_1_129' title='bbox 473 2106 558 2152; x_wconf 90' lang='lat' dir='ltr'>nem:</span> <span class='ocrx_word' id='word_1_130' title='bbox 591 2079 674 2170; x_wconf 88' lang='lat' dir='ltr'>‘ego</span> <span class='ocrx_word' id='word_1_131' title='bbox 696 2105 777 2151; x_wconf 91' lang='lat' dir='ltr'>sum</span> <span class='ocrx_word' id='word_1_132' title='bbox 798 2087 909 2169; x_wconf 91' lang='lat' dir='ltr'>panis</span> <span class='ocrx_word' id='word_1_133' title='bbox 931 2087 1051 2152; x_wconf 87' lang='lat' dir='ltr'>uitae:</span> <span class='ocrx_word' id='word_1_134' title='bbox 1085 2087 1152 2170; x_wconf 92' lang='lat' dir='ltr'>qui</span> <span class='ocrx_word' id='word_1_135' title='bbox 1179 2087 1338 2151; x_wconf 88' lang='lat' dir='ltr'>uenerit</span> <span class='ocrx_word' id='word_1_136' title='bbox 1366 2087 1496 2151; x_wconf 89' lang='lat' dir='ltr'>adme</span> <span class='ocrx_word' id='word_1_137' title='bbox 1524 2105 1597 2150; x_wconf 92' lang='lat' dir='ltr'>non</span> 
     </span>
     <span class='ocr_line' id='line_1_16' title="bbox 472 2181 1627 2271; baseline 0.001 -18"><span class='ocrx_word' id='word_1_138' title='bbox 472 2189 636 2267; x_wconf 77' lang='lat' dir='ltr'>esuriet,</span> <span class='ocrx_word' id='word_1_139' title='bbox 670 2190 735 2271; x_wconf 90' lang='lat' dir='ltr'>qui</span> <span class='ocrx_word' id='word_1_140' title='bbox 762 2189 801 2253; x_wconf 89' lang='lat' dir='ltr'>in</span> <span class='ocrx_word' id='word_1_141' title='bbox 827 2209 885 2253; x_wconf 92' lang='lat' dir='ltr'>me</span> <span class='ocrx_word' id='word_1_142' title='bbox 914 2190 1132 2254; x_wconf 86' lang='lat' dir='ltr'>crediderit</span> <span class='ocrx_word' id='word_1_143' title='bbox 1159 2208 1230 2254; x_wconf 90' lang='lat' dir='ltr'>non</span> <span class='ocrx_word' id='word_1_144' title='bbox 1258 2189 1374 2253; x_wconf 88' lang='lat' dir='ltr'>sitiet</span> <span class='ocrx_word' id='word_1_145' title='bbox 1395 2181 1627 2270; x_wconf 81' lang='lat' dir='ltr'>umquam&#39;u</span> 
     </span>
     <span class='ocr_line' id='line_1_17' title="bbox 471 2291 1594 2376; baseline -0.003 -21"><span class='ocrx_word' id='word_1_146' title='bbox 471 2293 547 2355; x_wconf 89' lang='lat' dir='ltr'>item</span> <span class='ocrx_word' id='word_1_147' title='bbox 562 2292 804 2373; x_wconf 89' lang='lat' dir='ltr'>insequentibus</span> <span class='ocrx_word' id='word_1_148' title='bbox 819 2293 973 2357; x_wconf 90' lang='lat' dir='ltr'>hocidem</span> <span class='ocrx_word' id='word_1_149' title='bbox 988 2292 1085 2357; x_wconf 88' lang='lat' dir='ltr'>simili</span> <span class='ocrx_word' id='word_1_150' title='bbox 1108 2293 1197 2357; x_wconf 92' lang='lat' dir='ltr'>modo</span> <span class='ocrx_word' id='word_1_151' title='bbox 1221 2292 1392 2376; x_wconf 81' lang='lat' dir='ltr'>signifieat,</span> <span class='ocrx_word' id='word_1_152' title='bbox 1426 2291 1471 2356; x_wconf 88' lang='lat' dir='ltr'>ait</span> <span class='ocrx_word' id='word_1_153' title='bbox 1494 2292 1594 2356; x_wconf 91' lang='lat' dir='ltr'>enim:</span> 
     </span>
     <span class='ocr_line' id='line_1_18' title="bbox 470 2384 1592 2476; baseline 0 -19"><span class='ocrx_word' id='word_1_154' title='bbox 470 2387 519 2458; x_wconf 85' lang='lat' dir='ltr'>‘si</span> <span class='ocrx_word' id='word_1_155' title='bbox 548 2395 632 2475; x_wconf 91' lang='lat' dir='ltr'>quis</span> <span class='ocrx_word' id='word_1_156' title='bbox 661 2394 750 2458; x_wconf 91' lang='lat' dir='ltr'>sitit</span> <span class='ocrx_word' id='word_1_157' title='bbox 779 2395 910 2459; x_wconf 87' lang='lat' dir='ltr'>ueniat</span> <span class='ocrx_word' id='word_1_158' title='bbox 941 2398 977 2459; x_wconf 90' lang='grc'>61</span> <span class='ocrx_word' id='word_1_159' title='bbox 1005 2395 1116 2459; x_wconf 91' lang='lat' dir='ltr'>bibat</span> <span class='ocrx_word' id='word_1_160' title='bbox 1145 2396 1208 2476; x_wconf 91' lang='lat' dir='ltr'>qui</span> <span class='ocrx_word' id='word_1_161' title='bbox 1237 2395 1362 2459; x_wconf 92' lang='lat' dir='ltr'>credit</span> <span class='ocrx_word' id='word_1_162' title='bbox 1389 2395 1428 2458; x_wconf 93' lang='lat' dir='ltr'>in</span> <span class='ocrx_word' id='word_1_163' title='bbox 1449 2384 1526 2458; x_wconf 90' lang='lat' dir='ltr'>me.&#39;</span> <span class='ocrx_word' id='word_1_164' title='bbox 1561 2394 1592 2458; x_wconf 91' lang='lat' dir='ltr'>et</span> 
     </span>
     <span class='ocr_line' id='line_1_19' title="bbox 467 2496 1591 2580; baseline -0.001 -19"><span class='ocrx_word' id='word_1_165' title='bbox 467 2516 572 2561; x_wconf 87' lang='lat' dir='ltr'>rursus</span> <span class='ocrx_word' id='word_1_166' title='bbox 587 2499 666 2580; x_wconf 89' lang='grc'><strong>1666,</strong></span> <span class='ocrx_word' id='word_1_167' title='bbox 688 2498 724 2562; x_wconf 90' lang='lat' dir='ltr'>ut</span> <span class='ocrx_word' id='word_1_168' title='bbox 738 2498 911 2562; x_wconf 87' lang='lat' dir='ltr'>maiestatis</span> <span class='ocrx_word' id='word_1_169' title='bbox 926 2516 997 2562; x_wconf 89' lang='lat' dir='ltr'>suae</span> <span class='ocrx_word' id='word_1_170' title='bbox 1012 2499 1222 2563; x_wconf 90' lang='lat' dir='ltr'>substantiam</span> <span class='ocrx_word' id='word_1_171' title='bbox 1237 2498 1430 2562; x_wconf 85' lang='lat' dir='ltr'>credentibus</span> <span class='ocrx_word' id='word_1_172' title='bbox 1446 2496 1591 2576; x_wconf 91' lang='lat' dir='ltr'>traderet,</span> 
     </span>
     <span class='ocr_line' id='line_1_20' title="bbox 468 2593 1589 2665; baseline 0 -2"><span class='ocrx_word' id='word_1_173' title='bbox 468 2601 526 2664; x_wconf 89' lang='lat' dir='ltr'>ait:</span> <span class='ocrx_word' id='word_1_174' title='bbox 559 2593 649 2665; x_wconf 85' lang='lat' dir='ltr'>‘nisi</span> <span class='ocrx_word' id='word_1_175' title='bbox 677 2601 843 2665; x_wconf 88' lang='lat' dir='ltr'>ederitis</span> <span class='ocrx_word' id='word_1_176' title='bbox 873 2619 1021 2665; x_wconf 88' lang='lat' dir='ltr'>carnem</span> <span class='ocrx_word' id='word_1_177' title='bbox 1048 2600 1114 2664; x_wconf 89' lang='lat' dir='ltr'>fili</span> <span class='ocrx_word' id='word_1_178' title='bbox 1144 2599 1312 2664; x_wconf 89' lang='lat' dir='ltr'>hominis</span> <span class='ocrx_word' id='word_1_179' title='bbox 1341 2602 1378 2664; x_wconf 91' lang='grc'>61</span> <span class='ocrx_word' id='word_1_180' title='bbox 1405 2599 1589 2664; x_wconf 90' lang='lat' dir='ltr'>biberitis</span> 
     </span>
     <span class='ocr_line' id='line_1_21' title="bbox 438 2691 1625 2788; baseline 0 -20"><span class='ocrx_word' id='word_1_181' title='bbox 438 2704 694 2788; x_wconf 87' lang='lat' dir='ltr'>8sanguinem</span> <span class='ocrx_word' id='word_1_182' title='bbox 716 2703 815 2780; x_wconf 81' lang='lat' dir='ltr'>eius,</span> <span class='ocrx_word' id='word_1_183' title='bbox 837 2721 908 2767; x_wconf 92' lang='lat' dir='ltr'>non</span> <span class='ocrx_word' id='word_1_184' title='bbox 928 2702 1127 2767; x_wconf 92' lang='lat' dir='ltr'>habebitis</span> <span class='ocrx_word' id='word_1_185' title='bbox 1147 2702 1268 2767; x_wconf 89' lang='lat' dir='ltr'>uitam</span> <span class='ocrx_word' id='word_1_186' title='bbox 1288 2703 1326 2766; x_wconf 92' lang='lat' dir='ltr'>in</span> <span class='ocrx_word' id='word_1_187' title='bbox 1341 2691 1471 2767; x_wconf 87' lang='lat' dir='ltr'>uobis&#39;</span> <span class='ocrx_word' id='word_1_188' title='bbox 1495 2720 1625 2783; x_wconf 79' lang='lat' dir='ltr'>quarere</span> 
     </span>
     <span class='ocr_line' id='line_1_22' title="bbox 465 2804 1588 2887; baseline -0.002 -17"><span class='ocrx_word' id='word_1_189' title='bbox 465 2807 544 2871; x_wconf 92' lang='lat' dir='ltr'>nihil</span> <span class='ocrx_word' id='word_1_190' title='bbox 558 2806 646 2871; x_wconf 91' lang='lat' dir='ltr'>uobis</span> <span class='ocrx_word' id='word_1_191' title='bbox 661 2806 703 2869; x_wconf 92' lang='lat' dir='ltr'>sit</span> <span class='ocrx_word' id='word_1_192' title='bbox 717 2824 788 2869; x_wconf 89' lang='lat' dir='ltr'>oum</span> <span class='ocrx_word' id='word_1_193' title='bbox 802 2806 941 2887; x_wconf 81' lang='lat' dir='ltr'>tympani</span> <span class='ocrx_word' id='word_1_194' title='bbox 962 2806 1046 2883; x_wconf 86' lang='lat' dir='ltr'>cibo,</span> <span class='ocrx_word' id='word_1_195' title='bbox 1081 2806 1224 2869; x_wconf 91' lang='lat' dir='ltr'>omiseri</span> <span class='ocrx_word' id='word_1_196' title='bbox 1246 2806 1409 2870; x_wconf 87' lang='lat' dir='ltr'>mortales:</span> <span class='ocrx_word' id='word_1_197' title='bbox 1444 2804 1588 2869; x_wconf 90' lang='lat' dir='ltr'>salutaris</span> 
     </span>
     <span class='ocr_line' id='line_1_23' title="bbox 428 2906 1587 2993; baseline -0.003 -20"><span class='ocrx_word' id='word_1_198' title='bbox 428 2982 431 2989; x_wconf 52' lang='grc'><strong>,</strong></span> <span class='ocrx_word' id='word_1_199' title='bbox 466 2909 527 2973; x_wconf 90' lang='lat' dir='ltr'>cibi</span> <span class='ocrx_word' id='word_1_200' title='bbox 542 2909 676 2993; x_wconf 82' lang='lat' dir='ltr'>gratiam</span> <span class='ocrx_word' id='word_1_201' title='bbox 697 2907 834 2988; x_wconf 89' lang='lat' dir='ltr'>quaerite</span> <span class='ocrx_word' id='word_1_202' title='bbox 854 2907 886 2971; x_wconf 90' lang='grc'>61</span> <span class='ocrx_word' id='word_1_203' title='bbox 904 2908 1068 2973; x_wconf 85' lang='lat' dir='ltr'>inmortale</span> <span class='ocrx_word' id='word_1_204' title='bbox 1087 2909 1230 2990; x_wconf 89' lang='lat' dir='ltr'>poculum</span> <span class='ocrx_word' id='word_1_205' title='bbox 1245 2908 1351 2974; x_wconf 92' lang='lat' dir='ltr'>bibite.</span> <span class='ocrx_word' id='word_1_206' title='bbox 1376 2906 1516 2971; x_wconf 77' lang='lat' dir='ltr'>Christus</span> <span class='ocrx_word' id='word_1_207' title='bbox 1530 2924 1587 2970; x_wconf 92' lang='lat' dir='ltr'>uos</span> 
     </span>
     <span class='ocr_line' id='line_1_24' title="bbox 467 3009 1588 3094; baseline 0 -21"><span class='ocrx_word' id='word_1_208' title='bbox 467 3010 565 3092; x_wconf 89' lang='lat' dir='ltr'>epulis</span> <span class='ocrx_word' id='word_1_209' title='bbox 580 3010 645 3074; x_wconf 89' lang='lat' dir='ltr'>suis</span> <span class='ocrx_word' id='word_1_210' title='bbox 659 3010 782 3073; x_wconf 89' lang='lat' dir='ltr'>reuocat</span> <span class='ocrx_word' id='word_1_211' title='bbox 797 3009 836 3073; x_wconf 91' lang='lat' dir='ltr'>ad</span> <span class='ocrx_word' id='word_1_212' title='bbox 851 3009 951 3073; x_wconf 88' lang='lat' dir='ltr'>lucem</span> <span class='ocrx_word' id='word_1_213' title='bbox 971 3011 1002 3073; x_wconf 91' lang='lat' dir='ltr'>et</span> <span class='ocrx_word' id='word_1_214' title='bbox 1022 3011 1110 3094; x_wconf 91' lang='lat' dir='ltr'>graui</span> <span class='ocrx_word' id='word_1_215' title='bbox 1125 3029 1240 3075; x_wconf 89' lang='lat' dir='ltr'>ueneno</span> <span class='ocrx_word' id='word_1_216' title='bbox 1255 3011 1359 3093; x_wconf 88' lang='lat' dir='ltr'>putres</span> <span class='ocrx_word' id='word_1_217' title='bbox 1375 3012 1460 3074; x_wconf 90' lang='lat' dir='ltr'>artus</span> <span class='ocrx_word' id='word_1_218' title='bbox 1476 3010 1588 3074; x_wconf 79' lang='grc'><strong>61161-</strong></span> 
     </span>
     <span class='ocr_line' id='line_1_25' title="bbox 466 3111 1589 3195; baseline 0.001 -19"><span class='ocrx_word' id='word_1_219' title='bbox 466 3112 619 3195; x_wconf 88' lang='lat' dir='ltr'>poscentia</span> <span class='ocrx_word' id='word_1_220' title='bbox 632 3111 771 3176; x_wconf 89' lang='lat' dir='ltr'>membra</span> <span class='ocrx_word' id='word_1_221' title='bbox 785 3111 932 3177; x_wconf 90' lang='lat' dir='ltr'>uiuificat.</span> <span class='ocrx_word' id='word_1_222' title='bbox 957 3114 1082 3177; x_wconf 88' lang='lat' dir='ltr'>caelesti</span> <span class='ocrx_word' id='word_1_223' title='bbox 1102 3114 1169 3178; x_wconf 91' lang='lat' dir='ltr'>cibo</span> <span class='ocrx_word' id='word_1_224' title='bbox 1189 3114 1331 3178; x_wconf 86' lang='lat' dir='ltr'>renouato</span> <span class='ocrx_word' id='word_1_225' title='bbox 1345 3112 1503 3177; x_wconf 90' lang='lat' dir='ltr'>hominem</span> <span class='ocrx_word' id='word_1_226' title='bbox 1517 3132 1589 3195; x_wconf 85' lang='lat' dir='ltr'>per-</span> 
     </span>
     <span class='ocr_line' id='line_1_26' title="bbox 467 3214 1624 3296; baseline 0.005 -17"><span class='ocrx_word' id='word_1_227' title='bbox 467 3217 585 3292; x_wconf 81' lang='lat' dir='ltr'>ditum,</span> <span class='ocrx_word' id='word_1_228' title='bbox 608 3217 644 3280; x_wconf 89' lang='lat' dir='ltr'>ut</span> <span class='ocrx_word' id='word_1_229' title='bbox 659 3214 805 3296; x_wconf 88' lang='lat' dir='ltr'>quiequid</span> <span class='ocrx_word' id='word_1_230' title='bbox 818 3215 851 3278; x_wconf 92' lang='lat' dir='ltr'>in</span> <span class='ocrx_word' id='word_1_231' title='bbox 864 3215 951 3279; x_wconf 89' lang='lat' dir='ltr'>uobis</span> <span class='ocrx_word' id='word_1_232' title='bbox 966 3217 1124 3280; x_wconf 90' lang='lat' dir='ltr'>mortuum</span> <span class='ocrx_word' id='word_1_233' title='bbox 1138 3217 1185 3280; x_wconf 92' lang='lat' dir='ltr'>est</span> <span class='ocrx_word' id='word_1_234' title='bbox 1200 3216 1315 3280; x_wconf 89' lang='lat' dir='ltr'>diuinis</span> <span class='ocrx_word' id='word_1_235' title='bbox 1330 3214 1485 3280; x_wconf 89' lang='lat' dir='ltr'>beneficiis</span> <span class='ocrx_word' id='word_1_236' title='bbox 1500 3233 1589 3280; x_wconf 89' lang='lat' dir='ltr'>rena·</span> <span class='ocrx_word' id='word_1_237' title='bbox 1600 3245 1624 3286; x_wconf 83' lang='lat' dir='ltr'>a</span> 
     </span>
     <span class='ocr_line' id='line_1_27' title="bbox 467 3318 1586 3402; baseline 0.001 -20"><span class='ocrx_word' id='word_1_238' title='bbox 467 3320 577 3384; x_wconf 79' lang='lat' dir='ltr'>suatur.</span> <span class='ocrx_word' id='word_1_239' title='bbox 603 3318 754 3383; x_wconf 87' lang='lat' dir='ltr'>didicistis</span> <span class='ocrx_word' id='word_1_240' title='bbox 770 3318 844 3399; x_wconf 91' lang='lat' dir='ltr'>quid</span> <span class='ocrx_word' id='word_1_241' title='bbox 864 3335 919 3381; x_wconf 90' lang='lat' dir='ltr'>uos</span> <span class='ocrx_word' id='word_1_242' title='bbox 940 3318 1038 3382; x_wconf 90' lang='lat' dir='ltr'>facere</span> <span class='ocrx_word' id='word_1_243' title='bbox 1054 3319 1228 3396; x_wconf 86' lang='lat' dir='ltr'>conueniat,</span> <span class='ocrx_word' id='word_1_244' title='bbox 1252 3318 1358 3402; x_wconf 84' lang='lat' dir='ltr'>eligite</span> <span class='ocrx_word' id='word_1_245' title='bbox 1374 3318 1455 3400; x_wconf 93' lang='lat' dir='ltr'>quod</span> <span class='ocrx_word' id='word_1_246' title='bbox 1470 3318 1586 3383; x_wconf 90' lang='lat' dir='ltr'>uultis:</span> 
     </span>
     <span class='ocr_line' id='line_1_28' title="bbox 466 3420 1314 3499; baseline -0.002 -13"><span class='ocrx_word' id='word_1_247' title='bbox 466 3423 537 3486; x_wconf 91' lang='lat' dir='ltr'>inde</span> <span class='ocrx_word' id='word_1_248' title='bbox 551 3440 633 3486; x_wconf 90' lang='lat' dir='ltr'>mors</span> <span class='ocrx_word' id='word_1_249' title='bbox 647 3422 798 3499; x_wconf 83' lang='lat' dir='ltr'>nascitur,</span> <span class='ocrx_word' id='word_1_250' title='bbox 819 3420 891 3484; x_wconf 90' lang='lat' dir='ltr'>hinc</span> <span class='ocrx_word' id='word_1_251' title='bbox 905 3421 1078 3486; x_wconf 86' lang='lat' dir='ltr'>inmortalis</span> <span class='ocrx_word' id='word_1_252' title='bbox 1093 3422 1160 3485; x_wconf 89' lang='lat' dir='ltr'>uita</span> <span class='ocrx_word' id='word_1_253' title='bbox 1176 3421 1314 3486; x_wconf 90' lang='lat' dir='ltr'>donatur.</span> 
     </span>
     <span class='ocr_line' id='line_1_29' title="bbox 420 3517 1588 3610; baseline -0.003 -18"><span class='ocrx_word' id='word_1_254' title='bbox 420 3524 457 3584; x_wconf 76' lang='grc'>19</span> <span class='ocrx_word' id='word_1_255' title='bbox 510 3563 564 3592; x_wconf 59' lang='lat' dir='ltr'>*a*</span> <span class='ocrx_word' id='word_1_256' title='bbox 569 3529 659 3610; x_wconf 84' lang='grc' dir='ltr'><em>χαῖρε</em></span> <span class='ocrx_word' id='word_1_257' title='bbox 673 3517 803 3610; x_wconf 70' lang='grc'><strong>66566666,</strong></span> <span class='ocrx_word' id='word_1_258' title='bbox 819 3527 908 3608; x_wconf 84' lang='grc' dir='ltr'><em>χαῖρε</em></span> <span class='ocrx_word' id='word_1_259' title='bbox 923 3522 994 3588; x_wconf 85' lang='grc' dir='ltr'><em>νέον</em></span> <span class='ocrx_word' id='word_1_260' title='bbox 1009 3523 1087 3609; x_wconf 78' lang='grc' dir='ltr'><strong><em>φῶς.</em></strong></span> <span class='ocrx_word' id='word_1_261' title='bbox 1111 3522 1192 3602; x_wconf 78' lang='lat' dir='ltr'>Quid</span> <span class='ocrx_word' id='word_1_262' title='bbox 1208 3525 1251 3589; x_wconf 87' lang='lat' dir='ltr'>sic</span> <span class='ocrx_word' id='word_1_263' title='bbox 1267 3524 1415 3589; x_wconf 87' lang='lat' dir='ltr'>miserum</span> <span class='ocrx_word' id='word_1_264' title='bbox 1431 3523 1588 3589; x_wconf 85' lang='lat' dir='ltr'>hominem</span> 
     </span>
     <span class='ocr_line' id='line_1_30' title="bbox 467 3627 1589 3711; baseline 0.001 -20"><span class='ocrx_word' id='word_1_265' title='bbox 467 3648 520 3711; x_wconf 89' lang='lat' dir='ltr'>per</span> <span class='ocrx_word' id='word_1_266' title='bbox 545 3628 675 3708; x_wconf 88' lang='lat' dir='ltr'>abrupta</span> <span class='ocrx_word' id='word_1_267' title='bbox 700 3627 897 3709; x_wconf 83' lang='lat' dir='ltr'>praecipitas,</span> <span class='ocrx_word' id='word_1_268' title='bbox 921 3627 1099 3691; x_wconf 90' lang='lat' dir='ltr'>calamitosa</span> <span class='ocrx_word' id='word_1_269' title='bbox 1119 3628 1295 3709; x_wconf 78' lang='lat' dir='ltr'>persuasio?</span> <span class='ocrx_word' id='word_1_270' title='bbox 1318 3628 1392 3710; x_wconf 94' lang='lat' dir='ltr'>quid</span> <span class='ocrx_word' id='word_1_271' title='bbox 1417 3627 1465 3691; x_wconf 90' lang='lat' dir='ltr'>illi</span> <span class='ocrx_word' id='word_1_272' title='bbox 1491 3627 1589 3692; x_wconf 83' lang='lat' dir='ltr'>falsae</span> 
     </span>
    </p>
   </div>
   <div class='ocr_carea' id='block_1_3' title="bbox 569 3847 1026 3911">
    <p class='ocr_par' dir='ltr' id='par_1_3' title="bbox 569 3847 1026 3911">
     <span class='ocr_line' id='line_1_31' title="bbox 569 3847 1026 3911; baseline 0.002 -11"><span class='ocrx_word' id='word_1_273' title='bbox 569 3847 605 3902; x_wconf 90' lang='grc'>14</span> <span class='ocrx_word' id='word_1_274' title='bbox 623 3847 721 3911; x_wconf 82' lang='lat' dir='ltr'>Joh.&#39;6,</span> <span class='ocrx_word' id='word_1_275' title='bbox 735 3848 781 3906; x_wconf 88' lang='lat'>35.</span> <span class='ocrx_word' id='word_1_276' title='bbox 836 3848 872 3904; x_wconf 80' lang='lat'>19</span> <span class='ocrx_word' id='word_1_277' title='bbox 891 3848 926 3901; x_wconf 91' lang='lat' dir='ltr'>ib.</span> <span class='ocrx_word' id='word_1_278' title='bbox 942 3848 1026 3911; x_wconf 84' lang='grc'><strong>6,·53.</strong></span> 
     </span>
    </p>
   </div>
   <div class='ocr_carea' id='block_1_4' title="bbox 457 4035 1605 4626">
    <p class='ocr_par' dir='ltr' id='par_1_4' title="bbox 457 4035 1605 4626">
     <span class='ocr_line' id='line_1_32' title="bbox 518 4035 1605 4106; baseline 0.003 -17"><span class='ocrx_word' id='word_1_279' title='bbox 518 4036 534 4089; x_wconf 96' lang='grc'><strong>2</strong></span> <span class='ocrx_word' id='word_1_280' title='bbox 552 4035 661 4104; x_wconf 86' lang='lat' dir='ltr'>dispiois</span> <span class='ocrx_word' id='word_1_281' title='bbox 674 4036 702 4088; x_wconf 90' lang='lat' dir='ltr'><em>P</em></span> <span class='ocrx_word' id='word_1_282' title='bbox 753 4035 771 4092; x_wconf 88' lang='grc'><strong><em>3</em></strong></span> <span class='ocrx_word' id='word_1_283' title='bbox 790 4036 881 4105; x_wconf 89' lang='lat' dir='ltr'>largus</span> <span class='ocrx_word' id='word_1_284' title='bbox 893 4037 934 4090; x_wconf 89' lang='lat' dir='ltr'>P:</span> <span class='ocrx_word' id='word_1_285' title='bbox 952 4037 1044 4091; x_wconf 89' lang='lat' dir='ltr'>lautus</span> <span class='ocrx_word' id='word_1_286' title='bbox 1061 4038 1199 4092; x_wconf 82' lang='lat' dir='ltr'>Wotoeras</span> <span class='ocrx_word' id='word_1_287' title='bbox 1219 4039 1231 4105; x_wconf 79' lang='grc'>11</span> <span class='ocrx_word' id='word_1_288' title='bbox 1251 4037 1322 4092; x_wconf 91' lang='lat' dir='ltr'>diuis</span> <span class='ocrx_word' id='word_1_289' title='bbox 1335 4039 1363 4092; x_wconf 92' lang='lat' dir='ltr'><em>P</em></span> <span class='ocrx_word' id='word_1_290' title='bbox 1383 4039 1394 4106; x_wconf 84' lang='grc' dir='ltr'>ΙΙ</span> <span class='ocrx_word' id='word_1_291' title='bbox 1415 4037 1498 4091; x_wconf 87' lang='lat' dir='ltr'>sedile</span> <span class='ocrx_word' id='word_1_292' title='bbox 1511 4038 1605 4102; x_wconf 57' lang='lat' dir='ltr'>Burs</span> 
     </span>
     <span class='ocr_line' id='line_1_33' title="bbox 467 4120 1589 4192; baseline 0.003 -19"><span class='ocrx_word' id='word_1_293' title='bbox 467 4122 545 4174; x_wconf 80' lang='lat' dir='ltr'>stoa:</span> <span class='ocrx_word' id='word_1_294' title='bbox 565 4121 610 4174; x_wconf 88' lang='lat' dir='ltr'>sed</span> <span class='ocrx_word' id='word_1_295' title='bbox 621 4120 668 4174; x_wconf 92' lang='lat' dir='ltr'>ille</span> <span class='ocrx_word' id='word_1_296' title='bbox 680 4122 718 4184; x_wconf 88' lang='lat' dir='ltr'>P,</span> <span class='ocrx_word' id='word_1_297' title='bbox 738 4120 784 4174; x_wconf 91' lang='lat' dir='ltr'>sed</span> <span class='ocrx_word' id='word_1_298' title='bbox 795 4122 844 4175; x_wconf 92' lang='lat' dir='ltr'>hoc</span> <span class='ocrx_word' id='word_1_299' title='bbox 856 4122 973 4191; x_wconf 87' lang='lat' dir='ltr'>spatium</span> <span class='ocrx_word' id='word_1_300' title='bbox 985 4140 1003 4176; x_wconf 87' lang='lat' dir='ltr'>a</span> <span class='ocrx_word' id='word_1_301' title='bbox 1071 4123 1091 4178; x_wconf 86' lang='lat'>4</span> <span class='ocrx_word' id='word_1_302' title='bbox 1108 4123 1274 4176; x_wconf 90' lang='lat' dir='ltr'>flammarum</span> <span class='ocrx_word' id='word_1_303' title='bbox 1295 4124 1384 4192; x_wconf 89' lang='lat' dir='ltr'>spacia</span> <span class='ocrx_word' id='word_1_304' title='bbox 1405 4123 1438 4176; x_wconf 93' lang='lat' dir='ltr'>ad</span> <span class='ocrx_word' id='word_1_305' title='bbox 1458 4123 1589 4192; x_wconf 88' lang='lat' dir='ltr'>mitigan-</span> 
     </span>
     <span class='ocr_line' id='line_1_34' title="bbox 467 4206 1589 4277; baseline 0.004 -19"><span class='ocrx_word' id='word_1_306' title='bbox 467 4206 546 4260; x_wconf 89' lang='lat' dir='ltr'>daec</span> <span class='ocrx_word' id='word_1_307' title='bbox 617 4206 721 4275; x_wconf 81' lang='grc'><strong>96666</strong></span> <span class='ocrx_word' id='word_1_308' title='bbox 734 4208 773 4274; x_wconf 87' lang='lat' dir='ltr'>P,</span> <span class='ocrx_word' id='word_1_309' title='bbox 790 4213 939 4276; x_wconf 80' lang='lat' dir='ltr'>atsemper</span> <span class='ocrx_word' id='word_1_310' title='bbox 1011 4207 1050 4264; x_wconf 90' lang='grc'>10</span> <span class='ocrx_word' id='word_1_311' title='bbox 1067 4207 1228 4262; x_wconf 87' lang='lat' dir='ltr'>diceretura</span> <span class='ocrx_word' id='word_1_312' title='bbox 1292 4209 1329 4265; x_wconf 87' lang='lat'>13</span> <span class='ocrx_word' id='word_1_313' title='bbox 1347 4209 1376 4262; x_wconf 92' lang='lat' dir='ltr'>in</span> <span class='ocrx_word' id='word_1_314' title='bbox 1393 4208 1532 4277; x_wconf 89' lang='lat' dir='ltr'>euangelio</span> <span class='ocrx_word' id='word_1_315' title='bbox 1544 4209 1589 4262; x_wconf 92' lang='lat' dir='ltr'>Jo-</span> 
     </span>
     <span class='ocr_line' id='line_1_35' title="bbox 468 4291 1589 4363; baseline 0.008 -20"><span class='ocrx_word' id='word_1_316' title='bbox 468 4291 717 4360; x_wconf 78' lang='lat' dir='ltr'>hannisaetsiop.</span> <span class='ocrx_word' id='word_1_317' title='bbox 732 4296 795 4360; x_wconf 84' lang='lat'><strong><em>106,</em></strong></span> <span class='ocrx_word' id='word_1_318' title='bbox 808 4295 964 4348; x_wconf 79' lang='lat' dir='ltr'>roetotias</span> <span class='ocrx_word' id='word_1_319' title='bbox 1018 4293 1148 4350; x_wconf 83' lang='grc'><strong>19111116</strong></span> <span class='ocrx_word' id='word_1_320' title='bbox 1198 4295 1409 4363; x_wconf 71' lang='grc'><strong>21166666166</strong></span> <span class='ocrx_word' id='word_1_321' title='bbox 1461 4294 1589 4351; x_wconf 80' lang='grc'><strong>216124</strong></span> 
     </span>
     <span class='ocr_line' id='line_1_36' title="bbox 457 4378 1589 4449; baseline -0.001 -15"><span class='ocrx_word' id='word_1_322' title='bbox 457 4380 526 4434; x_wconf 71' lang='lat' dir='ltr'>veiuo</span> <span class='ocrx_word' id='word_1_323' title='bbox 533 4382 567 4449; x_wconf 92' lang='lat' dir='ltr'>P,</span> <span class='ocrx_word' id='word_1_324' title='bbox 580 4382 644 4434; x_wconf 78' lang='lat' dir='ltr'>itera</span> <span class='ocrx_word' id='word_1_325' title='bbox 653 4381 750 4434; x_wconf 82' lang='lat' dir='ltr'>statim</span> <span class='ocrx_word' id='word_1_326' title='bbox 754 4386 817 4448; x_wconf 78' lang='lat' dir='ltr'>poet</span> <span class='ocrx_word' id='word_1_327' title='bbox 830 4379 884 4432; x_wconf 90' lang='lat' dir='ltr'>ciui</span> <span class='ocrx_word' id='word_1_328' title='bbox 931 4379 965 4433; x_wconf 92' lang='grc'>21</span> <span class='ocrx_word' id='word_1_329' title='bbox 977 4395 993 4432; x_wconf 93' lang='grc'>6</span> <span class='ocrx_word' id='word_1_330' title='bbox 1004 4378 1044 4432; x_wconf 90' lang='lat' dir='ltr'>dii</span> <span class='ocrx_word' id='word_1_331' title='bbox 1055 4379 1147 4432; x_wconf 91' lang='lat' dir='ltr'>miseri</span> <span class='ocrx_word' id='word_1_332' title='bbox 1159 4381 1259 4448; x_wconf 65' lang='lat' dir='ltr'>Paos.</span> <span class='ocrx_word' id='word_1_333' title='bbox 1270 4397 1299 4447; x_wconf 85' lang='grc'>6.</span> <span class='ocrx_word' id='word_1_334' title='bbox 1313 4384 1359 4448; x_wconf 82' lang='grc'>89,</span> <span class='ocrx_word' id='word_1_335' title='bbox 1373 4384 1391 4434; x_wconf 84' lang='grc'><em>5</em></span> <span class='ocrx_word' id='word_1_336' title='bbox 1443 4381 1481 4439; x_wconf 85' lang='grc'>25</span> <span class='ocrx_word' id='word_1_337' title='bbox 1499 4396 1589 4433; x_wconf 87' lang='lat' dir='ltr'>renas·</span> 
     </span>
     <span class='ocr_line' id='line_1_37' title="bbox 469 4465 1589 4538; baseline -0.001 -18"><span class='ocrx_word' id='word_1_338' title='bbox 469 4466 537 4520; x_wconf 88' lang='lat' dir='ltr'>catis</span> <span class='ocrx_word' id='word_1_339' title='bbox 544 4468 571 4521; x_wconf 94' lang='lat' dir='ltr'><em>P</em></span> <span class='ocrx_word' id='word_1_340' title='bbox 622 4466 660 4521; x_wconf 81' lang='grc'>27</span> <span class='ocrx_word' id='word_1_341' title='bbox 670 4466 790 4520; x_wconf 90' lang='lat' dir='ltr'>donatur.</span> <span class='ocrx_word' id='word_1_342' title='bbox 801 4471 880 4519; x_wconf 82' lang='lat' dir='ltr'>AEN</span> <span class='ocrx_word' id='word_1_343' title='bbox 883 4471 987 4518; x_wconf 79' lang='grc' dir='ltr'><strong><em>ΥΝΦΕ</em></strong></span> <span class='ocrx_word' id='word_1_344' title='bbox 999 4471 1118 4517; x_wconf 85' lang='grc' dir='ltr'><em>ΧΛΙΡΕ</em></span> <span class='ocrx_word' id='word_1_345' title='bbox 1128 4472 1156 4518; x_wconf 90' lang='grc' dir='ltr'><em>Ν</em></span> <span class='ocrx_word' id='word_1_346' title='bbox 1159 4471 1263 4518; x_wconf 74' lang='grc' dir='ltr'><strong><em>ΥΝΦΕ</em></strong></span> <span class='ocrx_word' id='word_1_347' title='bbox 1273 4466 1307 4528; x_wconf 92' lang='grc' dir='ltr'>Ρ,</span> <span class='ocrx_word' id='word_1_348' title='bbox 1319 4465 1394 4518; x_wconf 88' lang='lat' dir='ltr'>Dicis</span> <span class='ocrx_word' id='word_1_349' title='bbox 1404 4465 1495 4530; x_wconf 87' lang='lat' dir='ltr'>etiarn,</span> <span class='ocrx_word' id='word_1_350' title='bbox 1504 4471 1589 4538; x_wconf 78' lang='grc' dir='ltr'><em>χαῖρε</em></span> 
     </span>
     <span class='ocr_line' id='line_1_38' title="bbox 467 4549 1589 4626; baseline -0.002 -21"><span class='ocrx_word' id='word_1_351' title='bbox 467 4557 574 4626; x_wconf 66' lang='lat' dir='ltr'>supple</span> <span class='ocrx_word' id='word_1_352' title='bbox 586 4569 620 4620; x_wconf 82' lang='grc'>6,·</span> <span class='ocrx_word' id='word_1_353' title='bbox 631 4552 757 4619; x_wconf 79' lang='lat' dir='ltr'>‘apparet</span> <span class='ocrx_word' id='word_1_354' title='bbox 769 4550 857 4604; x_wconf 84' lang='lat' dir='ltr'>deesse</span> <span class='ocrx_word' id='word_1_355' title='bbox 869 4549 976 4619; x_wconf 63' lang='lat' dir='ltr'>arcaea</span> <span class='ocrx_word' id='word_1_356' title='bbox 987 4550 1068 4618; x_wconf 78' lang='lat' dir='ltr'>quale</span> <span class='ocrx_word' id='word_1_357' title='bbox 1080 4557 1133 4604; x_wconf 87' lang='lat' dir='ltr'>est:</span> <span class='ocrx_word' id='word_1_358' title='bbox 1144 4550 1225 4604; x_wconf 84' lang='lat' dir='ltr'>Aliud</span> <span class='ocrx_word' id='word_1_359' title='bbox 1234 4550 1358 4619; x_wconf 88' lang='lat' dir='ltr'>profanae</span> <span class='ocrx_word' id='word_1_360' title='bbox 1367 4551 1505 4619; x_wconf 86' lang='lat' dir='ltr'>religionis</span> <span class='ocrx_word' id='word_1_361' title='bbox 1515 4567 1589 4619; x_wconf 84' lang='lat' dir='ltr'>sym-</span> 
     </span>
    </p>
   </div>
   <div class='ocr_carea' id='block_1_5' title="bbox 0 0 2031 5559">
    <p class='ocr_par' dir='ltr' id='par_1_5' title="bbox 0 0 2031 5559">
     <span class='ocr_line' id='line_1_39' title="bbox 0 0 2031 5559; baseline 0 0"><span class='ocrx_word' id='word_1_362' title='bbox 0 0 2031 5559; x_wconf 95' lang='lat' dir='ltr'> </span> 
     </span>
    </p>
   </div>
  </div>
 </body>
</html>
