4050 5559
539 581 603 630 XVI

542 735 706 808 locorum
733 733 878 808 Firmioi
907 734 1076 824 Materni,
1104 761 1133 809 c.
1153 739 1198 809 12
1227 739 1247 830 ξ
1272 739 1309 826 8,
1340 735 1399 809 ubi
1428 738 1543 810 codex
1564 738 1668 837 plane

542 854 664 952 inepte
704 853 826 927 habet:
866 852 909 928 ab
936 854 1098 952 Apolline
1125 881 1167 929 ea
1193 855 1360 954 Marsyae
1394 855 1562 930 casibus
1589 883 1669 931 era-

542 975 669 1048 deliam
702 987 952 1049 tormentorum
980 975 1149 1050 casibus
1190 977 1317 1060 diseat,
1360 1001 1426 1049 nec
1452 978 1570 1050 multo
1593 1003 1670 1050 me-

541 1094 610 1166 lius
635 1120 663 1168 c.
688 1097 722 1186 3,
748 1097 786 1168 3:
812 1108 957 1169 mortem
984 1096 1094 1194 abacia
1121 1095 1294 1193 (Attidis)
1322 1097 1458 1185 dicant,
1499 1099 1593 1195 qaod
1617 1123 1669 1172 se·

541 1214 641 1288 na‘aa
667 1217 810 1289 collecta
840 1218 1097 1307 condantur,
1137 1217 1248 1290 eadam
1276 1243 1415 1309 rursus,
1455 1220 1548 1315 qaod
1572 1218 1670 1294 iacta

540 1335 675 1408 semeiae
701 1336 831 1409 annuis
855 1334 991 1410 uicibus
1017 1339 1320 1410 recondantur.

593 1453 675 1554 Cap.
703 1459 760 1543 18,
786 1459 806 1529 6
835 1456 872 1529 in
900 1455 957 1528 his
982 1455 1101 1529 uerbis
1128 1457 1260 1530 ‘amitto
1285 1454 1413 1530 Persas
1435 1459 1477 1531 de
1500 1483 1667 1554 aquaram

538 1573 677 1649 beanda
699 1588 912 1673 aaqaraates
929 1577 1198 1674 principatum,
1239 1564 1271 1650 et
1306 1575 1551 1650 Thebanorum
1579 1602 1666 1675 per·

538 1709 715 1770 mortuam
740 1694 908 1792 sudalam
943 1688 1090 1771 transeo'
1133 1697 1336 1770 emendatio
1364 1696 1511 1769 Meursii
1540 1709 1576 1769 et
1604 1696 1666 1770 Ri-

428 1866 431 1872 .
538 1815 655 1913 gatii,
699 1843 807 1914 quam
846 1843 912 1890 nos
942 1843 1085 1915 quoque
1114 1817 1226 1890 secuti
1255 1842 1378 1890 sumus
1404 1809 1666 1891 ‘Thebanorum

530 1961 621 2034 par,
656 1950 831 2012 mortuam
844 1930 1019 2035 sabalam'
1061 1938 1105 2010 ab
1132 1935 1300 2010 omnibus
1327 1936 1402 2009 fere
1427 1949 1571 2036 recepta
1599 1951 1664 2029 est,

537 2056 648 2154 petita
675 2057 734 2130 illa
756 2083 803 2130 ex
827 2057 1000 2157 Cypriani
1029 2057 1121 2131 libro
1149 2058 1193 2129 de
1221 2056 1305 2129 idol.
1334 2056 1444 2129 uenit.
1473 2061 1508 2146 5,
1532 2060 1573 2146 2,
1602 2058 1665 2155 qui

537 2179 807 2251 antecedentem
836 2203 985 2276 quoque
1011 2177 1226 2250 sententiam
1253 2177 1327 2249 fere
1354 2177 1398 2248 ad
1427 2175 1577 2249 uerbum
1604 2202 1660 2249 re-

536 2297 652 2394 petiit.
693 2323 789 2372 nunc
816 2313 935 2370 tamen
964 2322 1022 2370 me
1048 2311 1173 2369 monet
1203 2295 1416 2386 Vahlenius‚
1459 2295 1662 2370 uetustissi-

535 2442 632 2489 mum
662 2418 822 2491 codicem
854 2417 1102 2491 Veronensem
1137 2441 1234 2489 nunc
1260 2416 1488 2516 deperditum
1516 2419 1552 2490 in
1580 2416 1660 2490 loco

537 2532 711 2636 Cypriani
737 2565 810 2612 non
839 2537 969 2612 habere
996 2536 1184 2611 lectionem
1229 2529 1488 2610 ‘Thebanorum
1521 2563 1661 2635 aeram·

537 2658 630 2732 adas
651 2651 765 2758 rapta'
794 2659 856 2732 sed
883 2646 1144 2731 ‘Thebanorum
1165 2659 1327 2755 fratrum
1347 2683 1506 2754 qermaa.
1533 2657 1659 2756 rapta‘,

538 2778 633 2849 uode
659 2777 857 2851 Vahlenius
884 2779 961 2875 ipse
988 2780 1084 2851 haud
1111 2776 1397 2877 improbabiliter
1425 2779 1580 2851 coniecit
1606 2777 1659 2850 lo-

536 2922 619 2970 cum
646 2897 874 2971 Minucii'sic
907 2899 1029 2997 potius
1064 2899 1319 2996 corrigendum
1352 2898 1487 2969 uideri:
1525 2897 1660 2970 Tbeda-

532 3042 661 3091 norum
673 3019 836 3112 fratrum
857 3019 1124 3092 eiatermortaam
1143 3017 1320 3113 fabulam.
1362 3015 1438 3088 Nec
1476 3040 1555 3086 eam
1590 3015 1659 3088 lec·

533 3137 668 3211 tionem
692 3137 787 3210 idem
811 3139 928 3210 codex
943 3137 1166 3212 Veronensis
1189 3138 1226 3209 in
1243 3135 1350 3234 Cypr.
1373 3133 1396 3208 l.
1415 3158 1444 3205 c.
1465 3136 1499 3224 2,
1524 3137 1545 3206 2
1568 3159 1659 3231 quae

531 3257 569 3330 in
597 3257 816 3332 editionibus
844 3270 963 3331 exstat
990 3257 1098 3331 habet
1123 3253 1335 3329 ‘Aleaaader
1351 3253 1508 3350 Maqaas
1525 3253 1663 3352 casiani

530 3379 707 3453 uolumine
730 3381 780 3453 ad
800 3391 946 3453 matrem
968 3402 1070 3451 suam
1087 3367 1226 3465 sorbet,
1249 3374 1312 3447 sed
1331 3367 1540 3447 ‘Alexander
1556 3400 1656 3472 maq-

530 3525 597 3572 aas
631 3498 782 3573 Macedo
806 3490 880 3572 etc'
922 3483 993 3596 qua
1034 3496 1213 3594 scriptura
1253 3492 1324 3566 iam
1363 3493 1464 3566 locus
1504 3493 1655 3566 Minucii

398 3652 400 3657 ·
530 3644 559 3690 c.
584 3621 644 3705 21,
670 3619 689 3690 3
720 3621 769 3715 (p.
791 3621 851 3708 29,
879 3621 942 3715 18)
977 3615 1207 3714 glossematis
1244 3613 1447 3711 suspicione
1479 3612 1654 3685 liberatur

529 3746 567 3808 et
592 3735 642 3809 ibi
670 3763 812 3835 quoque
848 3737 953 3811 lectio
990 3735 1189 3809 Alexander
1224 3733 1281 3807 elle
1317 3758 1465 3829 maanus
1503 3732 1653 3806 Macedo

528 3857 733 3931 reducenda
755 3869 819 3931 est.

580 3979 663 4078 Cap.
691 3982 748 4069 19,
773 3982 794 4050 9
824 3977 910 4050 haee
936 3977 1108 4075 leguntur
1134 3974 1170 4047 in
1200 3976 1338 4048 codice:
1366 3974 1564 4048 Aristoteles
1585 4002 1650 4048 aa·

526 4098 598 4172 riat
621 4112 652 4173 et
673 4099 838 4196 adeiqaat
872 4110 988 4171 tamen
1023 4122 1131 4170 anam
1152 4108 1378 4194 potestatem:
1403 4121 1489 4168 ream
1511 4094 1652 4168 interim

526 4231 692 4308 meatem,
735 4219 905 4291 mandam
932 4217 1073 4290 interim
1104 4218 1204 4289 deam
1228 4214 1329 4306 dicit,
1356 4215 1498 4289 interim
1519 4217 1650 4289 raaado

525 4341 628 4413 deam
643 4337 818 4437 praeficit.
845 4336 1069 4410 Arr'stoles
1093 4336 1173 4435 [pro
1196 4335 1395 4409 Aristoteles
1422 4359 1468 4406 an
1491 4361 1557 4433 pro
1580 4332 1649 4409 He·

524 4459 720 4556 raclidesl]
748 4457 962 4556 ponticas
1000 4457 1153 4530 uariat
1192 4457 1308 4530 alias
1346 4456 1503 4528 mando
1538 4454 1650 4528 allas
