4050 5559
556 694 613 744 XII

550 860 608 938 est,
633 872 694 920 nec
716 847 905 937 aestimari,
932 869 1037 917 sensu
1059 843 1174 916 maier
1197 847 1261 938 est)
1286 844 1586 942 supplendaesse
1609 847 1675 918 du*

551 968 637 1039 dum
661 967 872 1040 Canterus
892 975 927 1038 et
946 963 1134 1038 Vrsinus
1158 976 1433 1063 perspexerunt,
1458 992 1674 1065 quamquam

549 1086 787 1160 recentissimi
811 1085 967 1158 editores
990 1084 1158 1182 locupleti
1174 1083 1345 1182 Cypriani
1368 1085 1575 1159 testimonio
1600 1113 1673 1160 non

548 1210 662 1304 magis
686 1233 793 1304 quam
816 1232 902 1278 sano
927 1204 1135 1278 criticorum
1172 1204 1306 1277 iudicio
1341 1204 1450 1278 fidem
1476 1205 1673 1280 habebant:

548 1326 636 1399 illud
649 1338 769 1399 tamen
785 1324 1023 1398 dubitandum
1039 1325 1199 1414 uidetur,
1227 1339 1370 1398 rectene
1392 1325 1491 1398 locus
1515 1327 1566 1399 sic
1589 1353 1674 1426 sup-

547 1447 664 1546 pletus
688 1446 749 1519 sit:
772 1471 834 1518 nec
864 1445 1056 1540 conprendi
1073 1456 1203 1539 petest,
1234 1457 1327 1518 tactu
1345 1446 1474 1541 purior
1497 1459 1562 1535 est,
1591 1473 1673 1520 cum

548 1566 720 1640 orationis
744 1565 966 1640 concinnitas
989 1563 1057 1638 hoc
1089 1566 1210 1662 potius
1234 1565 1396 1662 flagitare
1420 1566 1594 1656 uideatur,
1634 1579 1673 1640 ut

547 1686 698 1761 uerbum
717 1699 851 1782 potest,
880 1714 951 1784 quo
975 1698 1072 1761 caret
1090 1685 1302 1785 Cyprianus,
1331 1688 1531 1760 adiectione
1550 1714 1672 1762 neces·

547 1808 639 1881 saria
661 1819 803 1905 recepta
836 1806 1009 1896 deleatur,
1037 1806 1113 1880 siue
1135 1806 1223 1878 illud
1247 1833 1293 1879 ex
1310 1807 1440 1903 purior
1463 1820 1511 1881 est
1532 1820 1672 1881 utcum-

547 1953 617 2026 que
639 1929 874 2026 deprauatum
899 1927 975 2000 siue
998 1953 1045 2000 ex
1069 1952 1168 1999 mera
1190 1927 1467 2026 interpolatione
1490 1929 1670 2001 adiectum

546 2059 611 2120 est.
626 2047 732 2120 —ln
756 2047 915 2120 eiusdem
939 2047 1066 2146 capitis
1089 2051 1109 2140 ξ
1136 2050 1160 2118 4
1196 2073 1302 2145 aegre
1326 2048 1449 2120 credas
1472 2048 1670 2121 Minucium

547 2168 750 2267 scripsisse:
773 2167 825 2240 ita
848 2169 885 2240 in
908 2168 974 2239 liae
995 2167 1122 2239 mundi
1143 2167 1245 2239 demo
1269 2193 1346 2240 rum
1370 2167 1504 2239 caelum
1528 2181 1670 2240 terram·

546 2311 613 2385 que
631 2288 830 2384 perspicias
861 2287 1150 2383 prouidentiam,
1192 2287 1366 2375 ordinem,
1392 2287 1521 2384 lepem,
1572 2290 1671 2360 crede

546 2433 616 2481 esse
637 2410 880 2481 uniuersitatis
904 2407 1084 2481 dominum
1108 2419 1173 2480 etc.
1212 2434 1293 2478 nam
1317 2432 1382 2481 nec
1404 2407 1545 2506 placent
1568 2435 1670 2481 accu-

546 2528 652 2601 satiui
674 2529 936 2623 prouidentiam
960 2527 1118 2600 ordinem
1155 2525 1262 2624 lepem
1298 2528 1341 2598 ad
1378 2527 1482 2626 plane
1505 2528 1668 2601 diuersos

544 2649 681 2723 caelum
705 2661 900 2745 terramque
922 2646 1062 2738 adiecti,
1086 2671 1152 2720 nec
1173 2646 1308 2719 locutio
1331 2646 1407 2744 ipsa
1432 2673 1511 2720 eum
1534 2649 1670 2722 caelum

544 2781 740 2866 terroreque
769 2770 988 2863 perspicias,
1032 2766 1203 2864 quoniam
1242 2766 1393 2840 uerbum
1429 2769 1669 2866 perspiciendi

544 2886 614 2960 tale
637 2902 702 2975 est,
727 2878 824 2984 quod
844 2888 889 2959 de
907 2913 946 2958 re
964 2887 1031 2959 sub
1056 2913 1182 2960 sensus
1201 2889 1350 2961 cadente
1368 2915 1440 2961 non
1462 2903 1668 2988 usurpatur.

543 3007 696 3079 nimium
719 3020 840 3079 tamen
864 3008 1094 3080 temerarium
1120 3010 1263 3080 uidetur
1286 3008 1396 3081 uerba
1432 3010 1569 3082 caelum
1606 3023 1668 3081 ter·

543 3153 689 3226 rumque
725 3153 806 3200 cum
848 3127 1075 3201 Lindnero
1118 3141 1158 3201 ut
1200 3128 1378 3225 glossema
1414 3129 1666 3218 exterminare,

543 3274 762 3346 quamquam
784 3247 871 3320 illud
896 3248 1044 3345 quidem
1066 3260 1163 3321 recte
1190 3248 1369 3321 intellexit
1407 3249 1557 3322 uerbum
1588 3272 1667 3345 per·

541 3368 677 3465 spicios
699 3370 743 3440 ad
757 3367 852 3441 solos
867 3367 1091 3441 accusatiuos
1105 3366 1367 3461 prouidentiam
1387 3369 1544 3441 ordinem
1560 3368 1667 3465 lepem

540 3490 732 3587 pertinere.
758 3487 988 3561 uerisimilius
1012 3499 1082 3571 est,
1120 3485 1157 3557 id
1181 3489 1277 3584 quod
1303 3487 1480 3561 Vahlenio
1509 3489 1545 3560 in
1568 3514 1666 3560 men·

540 3620 615 3681 tem
652 3610 768 3697 uenit,
796 3607 1027 3706 participium
1060 3605 1213 3679 lustrans
1242 3608 1298 3681 uel
1329 3608 1551 3704 perlustrans
1585 3617 1668 3706 post

540 3740 736 3826 terramque
757 3728 993 3816 intercidisse,
1018 3751 1128 3823 quare
1142 3726 1289 3800 lacunae
1304 3727 1448 3826 signum
1462 3731 1666 3828 posuimus3

541 3847 583 3920 cf.
608 3873 636 3920 c.
665 3852 721 3936 17,
746 3851 769 3920 4
798 3847 1016 3921 cumoculos
1056 3848 1093 3919 in
1122 3846 1259 3921 caelum
1294 3849 1476 3922 sustuleris
1513 3863 1544 3920 et
1577 3873 1668 3945 qnae

538 3980 621 4040 sunt
655 3967 754 4064 infra
790 3968 955 4066 circaque
986 3966 1202 4042 iustraueris.
1230 3967 1313 4041 Non
1335 3968 1455 4042 minus
1483 3967 1666 4067 probabile

539 4086 702 4176 uidetur,
744 4088 841 4184 quod
873 4089 969 4161 idem
1009 4091 1161 4180 monuit,
1190 4114 1219 4162 c.
1250 4092 1308 4179 13,
1334 4093 1354 4162 3
1383 4089 1419 4161 in
1447 4088 1517 4160 illis
1547 4087 1666 4161 uerbis

537 4199 614 4279 ‘loe
631 4207 735 4302 fonte
762 4207 908 4304 depinxit
923 4206 1107 4283 Arcesilae
1129 4222 1161 4282 et
1181 4209 1290 4283 multo
1309 4222 1392 4306 post
1419 4205 1614 4282 Carneadis
1637 4221 1668 4282 et

539 4327 831 4402 Academicorum
843 4327 1082 4426 plurimorum
1101 4331 1138 4402 in
1153 4333 1299 4403 summis
1313 4329 1577 4427 quaestionibus
1592 4341 1667 4402 tuta

538 4435 723 4520 dubitatie’
746 4474 877 4521 nomen
906 4446 1078 4548 Pyrronis
1112 4449 1318 4538 desiderari,
1348 4464 1388 4522 ut
1413 4474 1463 4520 ex
1490 4475 1664 4548 responso

538 4563 681 4640 Octauii
695 4594 727 4666 p.
745 4571 805 4659 54,
823 4573 881 4660 16,
909 4595 981 4666 quo
1009 4568 1089 4643 loco
1116 4569 1203 4643 haec
1229 4571 1307 4668 ipsa
1333 4568 1443 4642 uerba
1470 4570 1667 4670 respiciunss
