4050 5559
509 783 551 848 86
913 779 1055 833 Firmici
1077 781 1221 834 Materni

509 938 600 1003 caret.
624 937 704 1001 hunc
724 937 816 1000 finem
840 935 943 1001 Liberi
958 936 1127 1014 Homerus,
1155 938 1190 1000 ut
1212 935 1320 1019 fugam
1342 937 1373 1000 et
1392 936 1633 1018 trepidationem

509 1040 665 1123 detegeret
675 1039 707 1103 et
720 1040 757 1103 11
771 1038 943 1103 ostenderet
958 1040 1108 1117 mortem,
1125 1039 1190 1104 ait:

942 1150 1106 1235 Διώνυσος
1128 1157 1164 1224 δὲ
1186 1156 1347 1247 φοβηθεὶς

610 1250 731 1326 δύσεθ’
754 1254 835 1337 ἁλὸς
856 1254 938 1325 κατὰ
961 1262 1055 1344 κῦμα·
1072 1260 1168 1338 Θέτις
1190 1250 1225 1326 δ’
1248 1255 1427 1340 ὑπεδέξατο
1450 1255 1562 1346 κόλπῳ

610 1358 752 1429 δειδιότα
766 1385 772 1398 ·
784 1358 934 1449 κρατερὸς
955 1356 1014 1448 γὰρ
1036 1360 1106 1444 ἔχεν
1127 1358 1246 1450 τρόμος
1266 1353 1380 1450 ἀνδρὸς
1401 1357 1532 1450 ὁμοκλῇ.
1657 1385 1673 1424 o

479 1485 649 1558 9111111111
663 1486 710 1563 te,
725 1486 881 1568 Lycurge,
898 1484 929 1547 11
944 1484 1081 1549 sobrium
1095 1485 1277 1548 institutum
1287 1485 1379 1548 tunm
1394 1484 1533 1566 sequitur
1546 1503 1635 1549 neca

508 1588 696 1652 salutaribus
710 1587 774 1651 tuis
788 1588 911 1671 legibus
926 1587 1078 1652 exorbitat
1095 1587 1189 1651 etiam
1205 1588 1310 1651 consul
1325 1589 1427 1651 noster
1442 1587 1632 1650 Postumius.

508 1710 590 1769 nam,
606 1691 687 1755 sicut
700 1691 734 1754 in
748 1690 837 1754 libris
852 1690 1012 1754 annalibus
1027 1689 1217 1768 inuenimus,
1229 1689 1503 1754 Bacchanaliorum
1518 1691 1634 1755 scelera

509 1795 643 1859 Aebutio
658 1793 791 1875 quodam
806 1793 998 1858 adulescente
1013 1792 1166 1857 deferente
1182 1793 1302 1857 detecta
1316 1793 1397 1856 sunt.
1430 1795 1516 1858 erant
1534 1794 1634 1859 adhue

508 1898 541 1961 in
553 1897 731 1961 urbeRoma
741 1896 855 1980 integri
867 1914 965 1960 mores
976 1915 1032 1960 nec
1043 1896 1206 1977 quisquam
1217 1896 1392 1980 peregrinas
1402 1897 1634 1977 superstitiones
1643 1921 1672 1960 rc

509 2001 667 2064 dissolutis
687 2000 825 2064 moribus
848 1999 1020 2081 appetebat.
1043 2000 1117 2063 tunc
1140 2018 1195 2063 nec
1210 2002 1333 2064 senatus
1349 1999 1468 2064 consuli
1483 2000 1634 2083 necleges

508 2103 709 2185 reipublicae
728 2121 783 2166 nec
797 2102 904 2167 consul
920 2102 1042 2186 legibus
1058 2101 1173 2182 defuit,
1194 2103 1245 2167 sed
1266 2102 1464 2185 inuestigatis
1491 2102 1634 2166 omnibns

510 2205 563 2287 qni
574 2204 665 2269 huius
677 2205 755 2268 sacri
766 2205 912 2269 scelerata
923 2206 1098 2269 commenta
1107 2204 1271 2269 tradebant
1282 2205 1387 2269 contra
1401 2221 1506 2269 omnes
1518 2223 1633 2283 seuero,

509 2308 606 2371 immo
616 2308 752 2372 Romano
763 2307 950 2389 quaestionis
967 2307 1104 2385 examine
1116 2307 1257 2390 capitalis
1272 2324 1369 2390 poena
1384 2307 1422 2371 de
1433 2307 1552 2371 consilii
1565 2326 1634 2371 sen-

509 2411 607 2474 tentia
628 2410 748 2475 decreta
763 2410 825 2488 est,
846 2429 902 2474 nec
917 2410 982 2474 tam
1002 2410 1057 2473 din
1079 2409 1216 2474 uindices
1237 2409 1334 2493 gladii
1355 2410 1488 2474 consulis
1508 2411 1671 2492 conqui-re

510 2513 609 2590 erunt,
625 2532 718 2594 quam
733 2513 787 2577 diu
797 2513 855 2577 hoc
866 2513 985 2577 malum
1000 2511 1111 2577 fuisset
1125 2512 1273 2577 radicitus
1285 2511 1490 2595 amputatum.
1507 2530 1524 2576 o
1539 2513 1635 2597 digna

468 2669 471 2673 .
509 2615 640 2680 Romani
657 2616 790 2680 nominis
805 2615 1045 2680 animaduersio!
1073 2634 1090 2679 o
1105 2616 1222 2697 priscae
1243 2615 1372 2680 uirtutis
1393 2617 1547 2682 laudanda
1563 2634 1635 2681 con-

510 2719 639 2784 stantia!
655 2738 710 2783 nec
722 2718 841 2782 ciuibus
853 2719 917 2782 suis
929 2718 1035 2782 consul
1049 2736 1170 2799 parcere
1181 2717 1291 2797 uoluit,
1308 2737 1379 2782 cum
1390 2719 1428 2784 ob
1443 2720 1635 2803 purgandam

409 2850 457 2893 ru.
468 2850 502 2891 u,
511 2823 644 2905 patriam
663 2824 668 2903 1
687 2821 848 2904 peregrina
863 2820 942 2887 uitia
957 2820 1160 2904 corrigumtur.

482 2928 500 2991 7
554 2923 698 3005 Sequitur
717 2921 796 2986 hanc
816 2922 894 2986 sacri
915 2923 1126 3005 contagionem
1151 2923 1182 2987 11
1195 2923 1339 2987 imitatur
1359 2923 1497 2988 ordinem
1518 2923 1669 2988 funerisso

510 3023 650 3090 acerete
665 3025 821 3089 Hennensi
835 3024 963 3089 muliere
984 3042 1067 3089 mors
1089 3025 1170 3089 filiae
1191 3026 1371 3090 consecrata.
1400 3045 1474 3090 nam
1489 3026 1635 3108 quicquid

509 3130 543 3193 in
554 3126 645 3192 Creta
658 3129 746 3209 pater
760 3127 840 3192 circa
853 3127 954 3191 filium
968 3127 1091 3206 fecerat,
1107 3128 1164 3192 hoe
1178 3128 1280 3192 totum
1295 3126 1384 3193 Ceres
1396 3128 1478 3211 apud
1490 3129 1635 3193 Hennam

509 3232 623 3295 amissa
637 3230 703 3295 filia
717 3229 913 3314 impatientia
934 3231 1067 3295 materni
1090 3230 1202 3295 doloris
1218 3230 1371 3295 instituit:
1388 3231 1469 3312 quod
1483 3232 1634 3312 quatenus

509 3335 626 3398 factum
638 3334 679 3399 sit
690 3334 777 3398 breui
788 3351 926 3398 sermone
936 3333 1152 3417 perstringam.
1166 3333 1288 3397 unicam
1298 3332 1414 3397 Cereris
1423 3334 1531 3412 filiam,
1541 3352 1634 3416 quam

509 3436 831 3514 GraeciPersefonam,
846 3435 944 3500 nostri
958 3435 1124 3499 immutato
1140 3453 1278 3500 sermone
1284 3436 1501 3518 Proserpinam
1516 3436 1632 3513 dicunt,
1642 3450 1668 3490 ²⁵

508 3539 548 3603 ad
570 3538 730 3621 coniugale
745 3539 932 3602 consortium
946 3538 1051 3620 plures
1065 3537 1219 3619 petebant.
1246 3540 1346 3602 mater
1361 3537 1494 3602 sollicita
1516 3539 1553 3603 de
1568 3540 1632 3602 sin-

509 3641 654 3725 gulorum
665 3640 785 3704 meritis
796 3640 962 3718 iudicabat,
975 3640 1089 3705 etcum
1099 3641 1199 3705 adhuc
1209 3641 1351 3705 omnibus
1362 3640 1472 3704 matris
1483 3641 1634 3706 sententia

509 3742 666 3807 uideretur
679 3742 811 3821 incerta,
827 3743 914 3807 diues
925 3743 1073 3821 mationa,
1097 3743 1147 3808 cui
1160 3744 1285 3826 propter
1297 3744 1424 3808 diuitias
1439 3743 1555 3808 Pluton
1571 3743 1633 3808 fuit

509 3863 633 3922 nomen,
649 3844 810 3908 temerario
826 3845 1004 3926 cupiditatis
1030 3845 1150 3924 ardore,
1174 3865 1245 3909 cum
1261 3864 1362 3910 moras
1379 3846 1536 3911 dilationis
1554 3845 1634 3910 ferre

614 4047 628 4098 1
646 4047 680 4100 ll.
694 4046 719 4111 6,
735 4046 798 4106 135.

562 4234 576 4285 1
589 4235 620 4286 ut
632 4236 659 4287 ct
670 4233 762 4302 fugam
774 4235 801 4286 ct
819 4235 886 4303 trep.
906 4236 933 4288 P
1007 4235 1356 4293 31111111οΔ10111
1365 4239 1393 4290 Ρ
1451 4239 1471 4294 4
1483 4242 1635 4292 ΚΟΛΙΠω

510 4322 537 4374 Ρ
589 4320 607 4377 5
624 4325 731 4374 ΕΧΕΝ
738 4320 777 4372 P:
790 4319 835 4388 ἔχε
844 4319 903 4372 cdd.
915 4321 968 4388 (ed.
979 4323 1070 4389 priuc.
1084 4338 1181 4376 uersus
1193 4323 1340 4376 admodum
1352 4331 1495 4392 corruptos
1506 4325 1599 4392 11111)

561 4405 579 4461 6
597 4405 755 4458 institutum
765 4407 842 4457 tunm
852 4404 891 4458 P:
904 4407 981 4459 tuum
993 4406 1151 4461 institutum
1161 4408 1220 4461 edd.
1286 4409 1304 4465 8
1316 4408 1395 4462 libris
1405 4410 1443 4462 P:
1456 4409 1530 4462 Liuii
1542 4410 1568 4464 J.
1580 4411 1633 4464 Fr.

513 4492 671 4547 Graeceius
690 4492 703 4557 ΙΙ
722 4489 939 4543 111111111111111
951 4493 978 4544 P
1034 4493 1052 4548 9
1070 4492 1147 4547 butio
1159 4494 1197 4558 P,
1216 4493 1315 4547 Ebutio
1327 4512 1345 4547 a
1398 4493 1433 4550 13
1451 4511 1555 4548 seueros
1567 4497 1633 4563 (ser-

508 4595 556 4632 nos
568 4578 596 4646 c)
607 4577 688 4629 immo
696 4590 817 4628 romanos
823 4575 877 4641 Pa,
890 4592 937 4628 ern.
948 4578 1076 4631 Bursian
1128 4580 1165 4635 14
1183 4578 1289 4632 consilii
1301 4580 1343 4633 P:
1359 4582 1467 4632 senatus
1479 4598 1497 4633 a
1545 4581 1579 4636 17
1591 4598 1633 4634 ro·

508 4664 582 4717 mani
593 4660 694 4716 nomini
706 4660 746 4728 P,
759 4676 806 4714 cm.
820 4659 959 4725 Bursian,
971 4662 1090 4716 Romano
1101 4664 1206 4718 nomine
1218 4680 1237 4717 u
1298 4663 1332 4720 18
1350 4666 1418 4734 cum]
1431 4667 1524 4720 malim
1535 4666 1598 4720 dum

509 4750 548 4807 22
566 4749 636 4804 circa
648 4747 685 4800 P:
703 4744 737 4799 ob
750 4762 768 4798 a
830 4743 867 4799 23
885 4759 936 4812 quo
948 4750 1080 4814 quatenns
1092 4751 1120 4804 P
1138 4791 1143 4797 .
1183 4748 1221 4806 26
1240 4748 1354 4803 sollicite
1366 4767 1385 4803 u
1619 4739 1622 4745 '
