4050 5559
526 594 587 658 122
930 591 1072 646 Firmici
1089 593 1237 646 Materni

524 747 630 813 sient
652 767 779 832 agnus
802 748 883 814 sine
912 748 1070 814 malitia
1102 747 1315 829 perductus
1349 769 1428 815 sum
1461 751 1506 815 ad
1539 751 1652 816 uicti·

523 870 638 915 mam:
672 850 712 914 in
734 870 792 915 me
815 851 1091 935 cogitauerunt
1114 851 1336 935 cogitatum
1364 853 1557 918 dicentes:
1592 873 1652 919 ue·

523 955 621 1032 nite,
655 955 859 1019 mittamus
881 955 1036 1040 lignum
1065 955 1103 1020 in
1133 974 1268 1038 panem
1292 957 1373 1020 eius
1395 957 1433 1021 et
1454 957 1653 1043 eradamus

495 1067 542 1129 la
563 1059 666 1123 terra
687 1058 808 1122 uitam
831 1047 933 1124 cins'
961 1078 1078 1143 agnum
1103 1059 1208 1123 autem
1233 1060 1384 1142 appellari
1410 1060 1572 1125 dominum
1597 1077 1652 1125 no-

412 1185 513 1229 toria.
524 1161 624 1224 sturm
638 1163 743 1226 sancta
757 1163 845 1226 nobis
859 1163 1045 1228 reuelatione
1064 1165 1262 1227 monstratur.
1285 1163 1318 1226 in
1338 1162 1525 1246 Apocalypsi
1544 1164 1548 1246 l
1569 1163 1652 1227 enim
1672 1192 1684 1232 ι

523 1264 570 1327 iic
584 1264 759 1329 inncnimns
785 1284 850 1330 esse
875 1265 1097 1348 perscriptum:
1130 1257 1180 1331 ‘ct
1201 1266 1291 1330 cidi
1312 1265 1353 1330 in
1374 1266 1499 1330 medio
1520 1264 1652 1331 throni

524 1369 560 1431 et
582 1369 767 1450 quattuor
788 1368 1017 1433 animalium
1040 1371 1078 1434 et
1101 1369 1138 1433 in
1160 1369 1284 1434 medio
1300 1368 1653 1452 seniorumagnum

524 1472 701 1537 stantem
723 1472 834 1554 quasi
856 1471 1039 1551 occisum,
1063 1472 1268 1537 habentem
1291 1490 1430 1536 cornua
1452 1471 1653 1554 septemet

523 1576 653 1639 oculos
686 1576 848 1656 septem,
884 1576 948 1656 qui
982 1577 1071 1640 sunt
1104 1576 1249 1659 septem
1273 1575 1437 1658 spiritus
1460 1575 1519 1639 dei
1541 1573 1654 1638 missi

522 1698 587 1761 per
608 1678 736 1743 orbem
757 1679 900 1744 terrae:
924 1680 961 1743 ot
982 1678 1090 1743 uenit
1112 1680 1150 1743 et
1171 1680 1323 1761 accepit
1343 1678 1488 1743 librum
1503 1677 1547 1741 de
1565 1677 1687 1742 dex-ro

523 1784 615 1847 tere
636 1781 807 1846 sedentis
830 1782 869 1845 in
891 1782 1044 1859 throno,
1079 1783 1116 1846 et
1139 1801 1223 1847 cum
1251 1782 1467 1864 accepisset
1488 1781 1652 1857 librum,

522 1890 704 1968 quattuor
726 1885 917 1949 animalia
939 1886 976 1948 et
998 1885 1145 1969 uiginti
1167 1885 1353 1966 quattuor
1374 1884 1547 1949 seniores
1570 1899 1653 1966 pro·

522 1974 755 2053 strodernnt
786 2006 823 2053 se
854 1989 940 2052 ante
972 2007 1109 2071 agnum
1137 1988 1324 2052 hebentes
1347 1986 1496 2071 singuli
1518 2005 1653 2051 aureas

522 2091 693 2156 citharas
726 2090 858 2172 plenas
890 2091 1152 2155 odoramentis
1187 2090 1533 2172 supplicationum,
1557 2107 1653 2171 quae

522 2198 612 2257 scat
646 2193 841 2259 orationes
879 2195 1117 2272 sanctorum,
1156 2196 1193 2258 et
1222 2192 1481 2258 eantauerunt
1513 2209 1686 2260 nouumc

522 2298 721 2361 coroticum
755 2297 945 2362 diceutes:
981 2297 1124 2380 dignus
1163 2315 1199 2360 es
1233 2297 1405 2378 accipere
1437 2294 1581 2360 librum
1615 2295 1653 2359 et

522 2401 674 2484 aperire
697 2401 810 2485 signa
831 2400 930 2480 cius,
954 2401 1134 2481 quoniam
1150 2400 1303 2464 occisus
1326 2418 1363 2465 es
1386 2400 1422 2464 et
1444 2398 1652 2464 redemisti

521 2522 587 2568 nos
609 2503 675 2568 deo
698 2504 889 2588 sangnine
911 2505 976 2567 tuo
999 2522 1041 2568 cx
1063 2503 1164 2567 omni
1186 2503 1295 2567 tribu
1318 2505 1355 2568 et
1376 2502 1518 2587 lingua
1540 2502 1577 2566 et
1591 2519 1652 2584 po-

518 2608 613 2690 pulo
637 2610 673 2672 et
694 2607 853 2672 natione
886 2607 923 2672 ct
955 2625 1021 2671 nos
1049 2625 1208 2690 regnum
1232 2605 1300 2670 deo
1321 2607 1455 2670 nostro
1477 2605 1652 2670 sacerdo·

468 2713 661 2794 „stesque
683 2710 819 2777 fecisti
841 2714 874 2774 et
896 2709 1139 2794 regnabimus
1161 2727 1276 2792 super
1298 2697 1465 2775 terram.'
1499 2708 1686 2773 Iohannesn

522 2833 642 2897 qnoque
656 2813 758 2879 filium
772 2812 831 2878 Dei
856 2813 929 2895 agni
949 2813 1072 2878 nomine
1089 2813 1239 2894 appellat,
1262 2815 1298 2877 ut
1324 2815 1355 2876 et
1376 2812 1442 2894 ipsc
1456 2811 1653 2894 propheticae

522 2916 739 2999 pollicitationi
754 2913 949 2997 respondeat:
964 2914 1009 2979 ait
1025 2915 1107 2979 enim
1122 2916 1155 2979 in
1170 2916 1344 3000 euangelio:
1362 2907 1504 2980 “altero
1520 2913 1581 2979 dic
1597 2913 1651 2979 ui·

523 3021 588 3084 det
610 3019 800 3083 Iohannes
827 3017 952 3082 Iesum
986 3018 1204 3083 uenientem
1238 3018 1283 3083 ad
1316 3037 1356 3083 se
1389 3020 1426 3082 et
1459 3017 1533 3082 ait:
1568 3034 1651 3081 ecee

523 3141 642 3206 agnus
664 3119 740 3200 dei,
773 3121 940 3204 eccequi
967 3120 1100 3186 aufert
1121 3122 1278 3205 peccata
1298 3108 1452 3185 mundi'
1480 3137 1534 3203 pro
1551 3119 1651 3183 salute

521 3225 682 3291 hominum
696 3223 770 3308 agni
797 3224 887 3289 istius
914 3225 1103 3290 honorandus
1126 3224 1251 3309 sanguis
1274 3223 1457 3301 effunditur,
1479 3227 1515 3286 cl
1530 3222 1684 3286 sanetosn

522 3347 592 3395 suos
602 3328 690 3408 ¹filius
701 3328 759 3392 Dei
770 3327 944 3412 profusione
954 3328 1082 3409 pretiosi
1093 3327 1253 3411 sanguinis
1263 3327 1405 3404 redimat,
1422 3325 1523 3407 utqui
1535 3323 1651 3389 Ohn‘sti

522 3432 671 3518 sanguine
697 3432 886 3510 liberantur,
910 3430 1076 3495 maiestate
1096 3430 1181 3512 prius
1196 3429 1371 3494 inmortalis
1394 3427 1553 3512 sanguinis
1579 3445 1650 3492 con·

521 3537 687 3602 secrectnr.
702 3534 856 3600 neminem
867 3535 943 3615 aput
954 3532 1038 3597 idola
1049 3531 1191 3614 profusus
1203 3532 1329 3617 sangnis
1339 3532 1449 3610 munit,
1466 3531 1498 3596 et
1511 3550 1550 3594 ne
1562 3547 1651 3594 cruor

521 3639 674 3722 pecudum
696 3637 825 3701 miseros
850 3636 990 3702 homines
1016 3637 1071 3700 ant
1088 3634 1222 3716 decipiat
1237 3637 1292 3700 aut
1306 3634 1429 3717 perdat,
1451 3632 1565 3716 polluit
1580 3651 1650 3696 san·

522 3743 595 3827 guis
609 3743 680 3821 iste,
704 3759 765 3804 non
779 3740 919 3818 redimit,
943 3740 975 3804 et
999 3757 1054 3822 per
1079 3737 1180 3802 uarios
1196 3757 1284 3804 casus
1309 3738 1448 3802 homines
1475 3736 1590 3818 premit
1617 3733 1686 3799 insi

429 3877 458 3908 0.
491 3846 670 3909 emortem:
692 3843 799 3908 miseri
814 3844 886 3907 sunt
912 3842 965 3924 qni
990 3841 1165 3924 profusione
1180 3841 1324 3927 sacrilegi
1339 3840 1497 3924 sanguinis
1517 3842 1521 3922 l
1541 3858 1650 3904 cruen-

625 4046 642 4102 6
660 4047 740 4115 Apoc.
754 4046 781 4113 5,
794 4045 894 4103 6-10.
948 4046 987 4103 22
1003 4045 1065 4100 Joh.
1080 4045 1105 4109 1,
1119 4044 1166 4101 29.

573 4234 591 4292 3
609 4250 677 4303 pane
695 4235 723 4289 P
801 4234 818 4292 6
837 4235 886 4304 ita]
904 4236 936 4290 ιἰι
955 4235 1003 4302 fol.
1027 4233 1079 4291 282
1093 4239 1118 4288 et
1135 4232 1188 4290 29¹¹
1203 4234 1354 4302 ceroplares
1374 4233 1482 4288 litterae
1501 4234 1562 4299 fere
1583 4247 1649 4302 eccc-

521 4326 647 4376 uuerunt
701 4320 738 4377 14
756 4321 928 4391 cytharasP,
941 4322 1063 4390 cytharas
1076 4321 1104 4374 et
1115 4321 1222 4387 pateras
1235 4317 1454 4387 coutBursicn5
1467 4318 1547 4385 habet
1558 4322 1650 4372 testas

520 4423 650 4478 praseae:
664 4405 780 4480 κιθάρας
789 4412 837 4462 καὶ
846 4403 948 4480 φιάλας
955 4409 1063 4477 χρυσᾶς
1073 4403 1215 4477 γεμούσας
1223 4402 1413 4477 θυμιαμάτων
1461 4405 1574 4464 l5snnt
1583 4402 1648 4457 add.

522 4495 660 4559 Bursian,
679 4509 747 4562 quae
759 4496 863 4548 etanta
916 4493 953 4550 18
971 4491 1141 4547 tuoetomni
1155 4493 1182 4546 P
1234 4491 1649 4559 recommemorata.

522 4579 596 4633 adh.
610 4579 626 4633 l.
685 4579 722 4636 28
740 4579 884 4634 munitP:
902 4579 1056 4634 iuueritc·
1085 4577 1123 4636 29
1141 4577 1308 4647 pecodumP
1348 4577 1395 4634 '31
1414 4577 1540 4655 morteP
