4050 5559
916 701 988 771 Cap.
1008 703 1085 760 7-8.
1523 711 1565 776 89

446 853 505 919 bris
520 854 586 919 eius
602 855 743 937 epulatus
758 857 826 921 est?
849 858 917 939 quis
932 858 1039 923 lunam
1055 859 1179 940 rapuit?
1201 862 1270 942 quis
1293 862 1474 929 abscondit?
1496 865 1564 948 quis
1577 873 1595 928 8

446 957 584 1021 Plutonis
600 958 761 1042 coniugem
776 960 871 1025 fecit?
893 961 946 1025 sed
967 964 998 1027 et
1025 981 1157 1027 errorem
1178 963 1275 1028 istum
1297 966 1424 1049 physica
1444 987 1566 1032 rursum
1679 972 1681 977 '

445 1060 550 1125 uolunt
565 1061 682 1126 ratione
697 1065 870 1146 protegere:
894 1064 1063 1130 indiuisam
1084 1067 1219 1130 mentem
1240 1068 1271 1131 ct
1296 1067 1443 1148 diuisam,
1467 1069 1566 1135 idest

445 1155 498 1227 τὸν
512 1156 752 1248 ἆμέριοτονκαὶ
767 1159 824 1231 τὸν
837 1166 1068 1253 μεμερισμένον
1083 1170 1172 1248 νοῦν,
1200 1169 1258 1235 hac
1284 1191 1315 1236 se
1343 1175 1453 1253 putant
1480 1193 1567 1258 posse

426 1267 557 1330 eratione
573 1268 720 1332 uenerari.
745 1268 838 1333 dicite
864 1270 964 1348 milri,
988 1271 1126 1335 omiseri
1151 1272 1316 1350 mortales,
1340 1275 1415 1356 quid
1440 1277 1595 1360 natura-9

444 1369 523 1433 libus
548 1371 639 1434 rebus
665 1370 778 1436 additis
808 1372 935 1438 funera?
962 1374 1037 1455 quid
1063 1375 1113 1439 dei
1138 1374 1370 1455 dispositionem
1396 1379 1567 1444 crudelium

444 1473 590 1537 mortium
605 1474 766 1540 atrocitate
780 1476 942 1558 polluitis?
966 1479 1040 1560 quid
1051 1497 1126 1561 opus
1141 1477 1206 1542 erat
1220 1481 1286 1545 tam
1301 1483 1377 1546 duro
1392 1482 1567 1562 crudelique

443 1578 618 1642 tormento?
634 1579 708 1659 quid
723 1579 782 1644 sibi
799 1580 867 1643 uult
882 1582 944 1647 ista
959 1584 1128 1664 persuasio,
1145 1587 1181 1649 ut
1195 1585 1308 1649 diuinis
1323 1585 1413 1649 rebus
1428 1584 1567 1649 funestae

444 1685 629 1749 calamitatis
644 1681 717 1747 ordo
733 1684 884 1749 societur?
900 1686 935 1749 ut
946 1687 1056 1750 natura
1068 1687 1213 1767 siderum,
1227 1708 1320 1770 quam
1331 1688 1414 1752 Deus
1426 1705 1567 1751 summus

413 1810 436 1849 10
444 1787 534 1852 certis
549 1787 671 1871 legibus
685 1786 768 1865 fecit,
790 1788 931 1852 mortalis
947 1788 1133 1853 calamitatis
1147 1789 1282 1856 luctibus
1295 1789 1494 1873 iungeretur?
1517 1789 1567 1852 cui

443 1890 486 1955 rei
511 1890 634 1971 prodest
660 1891 740 1971 quod
765 1889 891 1955 facitis?
914 1891 1050 1956 miscetis
1076 1893 1196 1957 terrena
1223 1892 1419 1971 caelestibus,
1453 1893 1567 1957 caduca

443 1994 575 2077 superis,
599 1994 756 2057 tenebrosa
770 1993 958 2071 lucentibus,
976 1994 1093 2058 dolores
1109 2014 1143 2059 ac
1158 1995 1260 2059 luctus
1274 1995 1435 2061 hominum
1451 1994 1566 2059 diuinis

443 2097 607 2163 honoribus
623 2097 840 2161 consecrantes.
1594 2166 1597 2171 ⁵

485 2200 518 2265 Si
541 2201 705 2265 conuocato
729 2198 812 2262 omni
838 2217 946 2282 genere
967 2199 1100 2264 humano
1116 2201 1161 2265 sol
1175 2201 1282 2266 habita
1297 2201 1435 2267 contione
1461 2203 1596 2283 loque-8

411 2318 435 2357 1⁵
444 2306 541 2382 retur,
567 2302 810 2384 desperationem
825 2304 960 2367 nestram
981 2303 1039 2367 hac
1065 2302 1194 2368 forsitan
1219 2304 1355 2368 oratione
1380 2305 1566 2387 percuteret:

442 2399 530 2484 ‘Quis
545 2424 615 2484 uos,
639 2406 746 2470 caduci
761 2406 900 2471 homines
915 2409 946 2471 et
961 2425 1014 2488 per
1029 2406 1094 2471 dies
1110 2407 1246 2490 singulos
1262 2425 1382 2472 summo
1394 2408 1458 2472 Deo
1474 2407 1568 2471 uariis

444 2510 605 2593 generibus
621 2507 816 2588 rebellantes,
841 2509 950 2574 adhoc
965 2510 1089 2574 tantum
1104 2510 1221 2574 facinus
1236 2510 1376 2593 impegit,
1393 2530 1414 2573 u
1443 2509 1568 2591 profano

443 2612 576 2677 nefariae
592 2611 772 2693 cupiditatis
788 2629 886 2677 errore
911 2612 942 2675 et
962 2611 1041 2674 mori
1062 2631 1111 2675 me
1126 2611 1237 2676 dicatis
1252 2611 1379 2676 arbitrio
1395 2614 1427 2676 et
1442 2613 1569 2676 uiuere?

444 2717 535 2797 atque
552 2715 674 2779 utinam
688 2714 804 2779 usitato
820 2732 903 2778 more
918 2714 970 2778 uel
984 2730 1045 2776 uno
1069 2732 1179 2796 genere
1200 2733 1349 2778 uaesanae
1372 2714 1568 2800 cogitationis
1628 2801 1631 2805 .

410 2821 564 2884 canestrae
578 2818 725 2902 figmenta
740 2817 952 2899 procederent,
976 2816 1098 2881 utinam
1114 2817 1179 2881 sine
1195 2817 1380 2882 contumelia
1396 2818 1457 2882 mei
1472 2818 1569 2883 scele-

443 2924 529 2986 ratae
545 2921 741 3005 cogitationis
764 2920 883 2984 uestrae
904 2922 1097 3004 grassaretur
1117 2920 1303 3001 inprobitas!
1336 2940 1417 2986 nunc
1440 2938 1495 2985 uos
1516 2940 1571 3003 per

443 3024 622 3107 praecipitia
637 3024 786 3089 iactantes
802 3023 880 3087 mihi
901 3040 1020 3105 quoque
1041 3041 1101 3088 non
1115 3024 1242 3105 parcitis
1257 3043 1312 3089 nec
1327 3024 1463 3106 aliquam
1477 3024 1571 3089 habet

442 3131 546 3193 uester
561 3145 660 3192 sermo
675 3127 893 3204 reuerentiam,
917 3126 971 3191 sed
991 3146 1062 3191 cum
1082 3126 1227 3191 dedecore
1242 3144 1309 3190 meo
1325 3127 1357 3191 in
1372 3127 1501 3191 exitium
1516 3143 1570 3190 ne-

443 3234 543 3296 strum
559 3234 750 3312 mortemque
765 3229 943 3313 properatis.
968 3230 972 3311 l
992 3229 1047 3293 alii
1061 3248 1111 3293 mc
1126 3228 1199 3310 aput
1211 3228 1390 3311 Aegyptum
1401 3227 1491 3291 undis
1502 3227 1570 3292 Nili
1579 3249 1626 3294 ror.
1635 3249 1669 3290 es.
1695 3240 1697 3245 ·

408 3336 475 3399 sset
500 3334 617 3415 rapidis
643 3334 811 3399 uerticibus
831 3333 991 3397 >obstinato
1018 3331 1132 3396 mentis
1154 3330 1257 3394 furore
1272 3331 1491 3414 submergunt,
1515 3329 1597 3398 aliia

444 3437 614 3520 amputatis
639 3437 784 3502 uirilibus
809 3437 977 3520 plangunt,
1008 3435 1063 3500 alii
1086 3433 1202 3498 crudeli
1217 3433 1316 3497 morte
1331 3450 1452 3497 caesum
1468 3432 1522 3496 aut
1537 3432 1571 3496 in

443 3541 506 3604 olla
521 3541 693 3621 decoquunt
708 3540 762 3604 aut
777 3541 894 3622 septem
909 3538 1034 3602 ucribus
1050 3536 1181 3619 corporis
1202 3535 1265 3600 mei
1285 3535 1424 3599 membra
1438 3535 1570 3599 lacerata

444 3643 609 3726 subfigunt.
634 3642 688 3724 qui
702 3642 864 3724 paululum
885 3641 964 3705 mihi
986 3639 1107 3723 placida
1128 3637 1222 3703 fuerit
1246 3638 1381 3703 oratione
1401 3636 1568 3716 blanditus,

444 3746 621 3828 quadriiugi
642 3763 748 3809 currus
772 3745 913 3828 aurigam
935 3763 985 3808 me
1001 3761 1066 3808 esse
1081 3741 1236 3826 confingit.
1260 3741 1388 3824 proicite
1407 3740 1570 3822 aliquando

410 3834 524 3913 aptanti
539 3848 650 3913 furoris
666 3848 795 3912 exitium
810 3848 841 3912 et
858 3847 987 3911 salutari
1002 3845 1195 3927 persuasione
1211 3844 1353 3909 conuenti
1368 3863 1474 3909 ueram
1486 3844 1571 3909 salu-

443 3953 485 4015 tis
511 3952 596 4016 uiam
621 3951 767 4033 quaerite.
789 3936 934 4015 inimicus
960 3949 1019 4014 Dei
1043 3949 1089 4012 est
1111 3947 1163 4029 qui
1185 3947 1260 4012 haec
1281 3947 1336 4011 aut
1351 3947 1502 4030 cogitauit
1518 3946 1572 4011 aut

443 4054 563 4134 fincxit,
580 4074 635 4119 nec
649 4053 768 4120 facinus
784 4054 850 4118 eius
865 4052 996 4136 simplex
1010 4053 1065 4117 aut
1079 4050 1197 4116 usitata
1212 4068 1309 4132 poena
1325 4049 1499 4129 comitatur,
1516 4049 1570 4131 qui

496 4247 648 4304 3diuisaP
689 4241 1141 4316 4μΕΝΕΡΙΟμΕΝοΝΝοΥΡ
1171 4237 1421 4303 ”5οο;οᾶὶίΡοί.
1428 4237 1574 4304 p.104,21

456 4338 467 4403 ΙΙ
490 4335 642 4388 miseriora.
656 4351 674 4387 ο
736 4333 774 4390 10
791 4331 996 4393 calamitasPc,
1011 4345 1058 4382 ern.
1072 4326 1199 4380 Bursian
1253 4324 1291 4383 15
1309 4325 1399 4376 forsan
1413 4339 1431 4375 ο
1484 4321 1521 4377 17
1534 4337 1575 4374 re·

445 4422 578 4474 uellentes
590 4421 675 4475 adhuc
687 4422 794 4473 tantum
807 4419 834 4472 P
886 4417 920 4472 18
939 4417 1028 4468 uestro
1041 4411 1153 4471 arbitrio
1166 4428 1184 4463 ο
1246 4409 1282 4466 19
1302 4425 1399 4475 uesane
1413 4409 1445 4471 P,
1459 4423 1574 4460 uesanae

447 4508 506 4561 edd.
561 4508 596 4563 21
616 4505 825 4575 cogitationesP
841 4506 853 4571 ΙΙ
869 4502 1001 4555 uosmetc
1055 4498 1093 4557 25
1106 4497 1253 4551 uerticibus
1267 4497 1406 4550 Wowerus
1457 4492 1492 4548 26
1506 4493 1572 4546 uiri-

447 4593 536 4648 busP
558 4597 570 4661 ll
593 4595 675 4647 inP:
694 4595 755 4646 utu
806 4590 841 4645 27
860 4588 1046 4657 decoquentP
1068 4588 1080 4654 Η
1103 4584 1247 4638 uerubusa
1299 4581 1339 4638 30
1356 4579 1471 4635 conuicti
1489 4597 1522 4647 u,·
1541 4584 1572 4632 ut

446 4699 472 4735 ο.
486 4680 545 4734 iud.
560 4681 616 4734 III
622 4696 642 4733 s.
656 4697 682 4732 u.
696 4677 835 4732 conuenire
