4050 5559
508 501 552 564 84
903 497 1046 552 Firmici
1062 497 1211 551 Materni

507 654 597 736 pater
610 655 643 717 et
657 653 767 718 sellam
780 653 867 737 regni
880 672 977 734 puero
991 653 1161 718 tradiderat
1180 654 1213 717 et
1226 652 1397 733 sceptrum,
1413 651 1554 715 custodes
1567 651 1636 732 pri-

508 776 597 820 mum
611 756 768 839 regalibus
781 756 927 837 praemiis
941 757 1178 838 muneribusque
1193 755 1338 836 corrupit,
1358 754 1469 820 deinde
1483 754 1636 818 satellites

510 877 591 935 suos,
607 860 661 940 qui
676 858 802 923 Titanes
816 859 1013 936 uocabantur,
1028 861 1062 923 in
1075 859 1273 924 interioribus
1287 859 1389 942 regiae
1403 858 1484 922 locat
1495 857 1636 938 partibus

511 963 543 1026 ct
557 961 731 1043 crepundiis
745 980 780 1026 ac
794 961 916 1043 speculo
930 962 1056 1026 adfabre
1071 962 1151 1026 facto
1166 962 1285 1026 animos
1308 961 1354 1025 ita
1367 961 1500 1042 pueriles
1514 959 1636 1035 inlexit,

512 1067 549 1128 nt
559 1065 688 1128 desertis
701 1065 795 1148 regiis
810 1065 934 1128 sedibus
950 1066 990 1129 ad
1004 1066 1189 1130 insidiarum
1206 1066 1310 1129 locum
1323 1064 1452 1147 puerilis
1468 1063 1565 1127 animi
1580 1063 1637 1126 de-
1665 1078 1682 1116 ⁵

483 1167 623 1231 3sideri0
634 1168 805 1232 duceretur.
829 1167 895 1232 illic
905 1169 1093 1249 interceptus
1104 1169 1278 1233 trucidatur
1288 1170 1334 1244 et,
1350 1168 1387 1231 ut
1399 1167 1521 1231 nullum
1533 1166 1638 1247 posset

512 1270 595 1334 necis
608 1270 740 1334 inueniri
755 1270 940 1354 uestigium,
961 1270 1152 1335 articulatim
1172 1271 1312 1335 membra
1331 1271 1450 1334 cendsa
1464 1269 1638 1333 satellitum

513 1372 704 1456 sibi‘gdiuidit
717 1374 817 1438 turba.
833 1375 916 1452 tunc,
932 1374 968 1437 nt
982 1373 1056 1437 huic
1070 1373 1198 1439 facinori
1217 1374 1303 1438 aliud
1325 1373 1444 1438 facinus
1464 1373 1638 1447 adderetur,

513 1476 586 1558 qnia
600 1475 796 1541 uehementer
809 1476 934 1559 tyranni
949 1477 1115 1540 crudelitas
1129 1478 1317 1554 timebatur,
1332 1476 1457 1541 decocta
1470 1475 1566 1539 uariis
1581 1494 1638 1558 ge-

513 1580 636 1644 neribus
650 1580 737 1661 pueri
752 1580 891 1642 membra
905 1583 1104 1657 consumunt,
1120 1580 1156 1644 nt
1166 1579 1294 1644 humani
1309 1579 1467 1644 cadaueris
1487 1576 1639 1642 inauditis
1658 1592 1682 1630 1⁰

410 1709 461 1748 Pol.
471 1701 610 1765 suusque
624 1683 657 1746 in
671 1682 763 1746 illum
779 1681 861 1746 diem
875 1682 974 1763 epulis
993 1685 998 1764 Ι
1018 1684 1220 1747 nescerentur.
1243 1701 1294 1747 cor
1308 1683 1445 1746 diuisum
1471 1682 1531 1745 sibi
1554 1698 1640 1745 soror

515 1787 631 1864 seruat,
647 1787 697 1851 cui
711 1786 851 1850 Minerua
869 1785 932 1849 fuit
951 1804 1080 1864 nemen,
1102 1805 1179 1868 quae
1199 1788 1235 1850 et
1253 1788 1321 1868 ipsa
1334 1786 1457 1850 sceleris
1482 1784 1546 1848 fuit
1567 1802 1640 1865 par-

514 1891 626 1971 ticeps,
647 1890 679 1953 et
700 1890 737 1953 ut
750 1887 951 1953 manifestum
972 1889 1136 1954 delationis
1158 1890 1239 1954 esset
1253 1889 1403 1953 indicium
1417 1890 1449 1951 et
1464 1890 1500 1951 ut
1512 1887 1641 1950 baberet

515 1993 595 2057 unde
609 1991 740 2055 furentis
753 1992 851 2072 patris
866 1992 1020 2074 impetum
1030 1993 1198 2076 mitigaret.
1213 2010 1335 2057 reuerso
1346 1992 1415 2056 leui
1423 1991 1490 2055 filia
1501 1990 1641 2055 ordinem

486 2094 659 2168 afacinoris
674 2094 806 2175 exponit.
826 2096 901 2159 tunc
919 2096 1007 2176 pater
1032 2094 1155 2159 funesta
1172 2095 1349 2160 calamitate
1369 2094 1465 2158 cladis
1485 2094 1517 2158 et
1536 2092 1642 2157 acerbi
1650 2107 1682 2145 ¹⁵·

515 2198 618 2261 luctus
632 2197 794 2261 amante
808 2198 980 2262 commotus
987 2197 1115 2262 Titanas
1129 2198 1254 2280 quidem
1261 2199 1348 2262 uario
1362 2215 1471 2280 genere
1486 2195 1643 2260 excrucia-

444 2380 447 2385 ·
516 2301 565 2364 tos
586 2300 674 2364 necat
696 2318 751 2364 nec
769 2301 1021 2382 praetermissum
1041 2302 1088 2366 est
1115 2287 1149 2364 in
1169 2302 1286 2365 ultione
1299 2299 1358 2364 filii
1384 2301 1439 2365 aut
1452 2299 1643 2363 tormentum

518 2403 642 2484 aliquod
663 2405 719 2468 aut
739 2421 852 2484 poena,
879 2403 933 2469 sed
953 2403 1130 2485 peremnia
1149 2421 1316 2484 poenarum
1339 2421 1450 2486 genera
1474 2401 1641 2465 bacchatus

517 2524 622 2570 necem
632 2506 863 2588 qualiscumque
874 2506 933 2570 filii
944 2507 1126 2584 uindicauit,
1142 2507 1255 2571 affectu
1265 2506 1391 2587 quidem
1402 2504 1510 2587 patris,
1526 2504 1580 2567 sed
1591 2505 1640 2586 ty·

517 2610 642 2674 ranniea
661 2611 821 2691 potestate.
851 2613 940 2688 tunc,
960 2611 1034 2692 quia
1043 2610 1162 2675 diutius
1184 2611 1273 2692 pater
1292 2609 1371 2674 ferre
1389 2608 1525 2692 lugentis
1545 2605 1682 2671 animia

517 2714 672 2778 tormenta
686 2730 747 2778 non
760 2715 880 2795 poterat
894 2716 927 2778 et
940 2715 1013 2796 qnia
1034 2715 1119 2779 dolor
1133 2715 1313 2778 exorbitata
1333 2714 1458 2778 ueniens
1477 2712 1573 2776 nullis
1592 2728 1643 2774 so·

519 2814 607 2880 laeiis
627 2816 847 2900 mitigabatur,
868 2817 1037 2899 imaginem
1057 2818 1169 2882 einser
1189 2835 1286 2901 gypso
1311 2817 1441 2899 plastico
1464 2833 1552 2897 opere
1572 2834 1643 2897 per-

520 2917 595 2982 fecit
605 2919 637 2982 et
651 2936 702 2982 eor
716 2920 812 3000 pueri,
827 2937 863 2982 er
874 2937 934 2999 quo
945 2918 1065 2983 facinus
1080 2919 1182 2984 fuerat
1192 2938 1294 2985 sorore
1305 2919 1460 2983 deferente
1474 2918 1643 2995 detectum,

520 3021 553 3085 in
568 3039 604 3085 ea
618 3022 704 3103 parte
718 3021 834 3103 plastae
849 3022 999 3101 conlocat,
1015 3043 1076 3105 qua
1090 3025 1222 3108 pectoris
1242 3023 1364 3089 fuerant
1385 3024 1566 3088 liniamenta
1580 3021 1644 3086 for-

520 3125 615 3189 mata.
645 3125 715 3205 pest
739 3124 814 3189 baec
838 3143 892 3207 pro
913 3126 1035 3190 tumulo
1057 3128 1173 3192 extruit
1194 3127 1347 3208 templum
1375 3128 1406 3190 et
1431 3126 1645 3208 paedagogum
1653 3141 1682 3181 se·

404 3304 409 3321 Ι
491 3227 608 3309 spucri
622 3227 784 3292 constituit
798 3229 1001 3294 sacerdotem:
1024 3229 1097 3294 huic
1111 3229 1232 3296 Silenus
1253 3230 1315 3294 fuit
1328 3247 1447 3293 nemen.
1475 3227 1645 3305 Cretenses,

521 3333 557 3396 ut
571 3332 701 3397 furentis
710 3333 834 3416 tyranni
849 3333 1013 3398 saeuitiam
1028 3334 1225 3417 mitigarent,
1249 3332 1343 3398 festos
1369 3332 1485 3397 funeris
1499 3331 1565 3395 dies
1580 3332 1645 3394 sta·

521 3435 615 3500 tnunt
622 3441 653 3502 et
659 3457 795 3502 annuum
806 3456 928 3502 sacrum
939 3437 1095 3502 trieterica
1103 3436 1326 3501 consecratione
1332 3434 1526 3517 componunt,
1541 3434 1645 3498 omnia

522 3540 729 3621 perordinem
744 3539 890 3604 facientes
905 3557 982 3621 qnae
996 3558 1072 3621 puer
1085 3539 1219 3604 moriens
1234 3539 1288 3604 ant
1308 3539 1382 3604 fecit
1396 3538 1450 3603 aut
1464 3555 1573 3618 passus
1588 3538 1643 3601 est.

523 3641 631 3705 uiuum
646 3642 766 3706 laniant
780 3642 923 3707 dentibus
938 3645 1079 3720 taurum,
1095 3642 1233 3707 crudeles
1253 3642 1360 3723 epulas
1380 3641 1489 3706 annuis
1510 3657 1645 3704 comme-
1654 3657 1682 3698 ee

523 3745 744 3809 morationibus
760 3746 942 3826 excitantes,
958 3748 990 3812 et
1003 3766 1058 3830 per
1073 3748 1188 3811 secreta
1202 3747 1353 3811 siluarum
1373 3744 1558 3809 elamoribus
1579 3742 1644 3806 dis-

524 3847 606 3912 sonis
621 3847 770 3912 eiulantes
784 3847 905 3932 fingunt
928 3849 1025 3913 animi
1045 3848 1176 3913 furentis
1191 3849 1359 3927 insaniam,
1382 3849 1418 3911 ut
1432 3846 1511 3910 illud
1526 3845 1646 3909 facinus

522 3967 583 4015 non
597 3969 652 4033 per
665 3949 805 4014 fraudem
820 3950 937 4016 fectum
952 3952 1005 4016 sed
1020 3971 1073 4034 per
1087 3952 1239 4017 insaniam
1257 3952 1445 4017 crederetur:
1478 3946 1648 4031 praefertur

578 4138 594 4193 1
614 4138 707 4190 sellam
725 4138 766 4192 P:
784 4138 880 4192 solium
892 4155 911 4191 a
972 4138 990 4194 7
1008 4137 1191 4208 particulatim
1204 4137 1262 4205 Pa,
1275 4153 1321 4191 eru
1338 4136 1488 4202 Wakefield
1501 4134 1570 4188 Sila.
1584 4135 1645 4188 crit.

524 4223 690 4290 mpero
706 4226 718 4291 11
735 4223 900 4277 conscissae
953 4224 990 4280 12
1008 4240 1075 4292 quae
1088 4224 1227 4278 Bersabe:
1246 4223 1310 4292 quia
1324 4223 1369 4276 Pe
1434 4222 1470 4278 13
1488 4220 1648 4274 iudiciuma

578 4310 615 4367 15
633 4309 722 4363 acerui
734 4310 772 4374 P,
792 4310 916 4364 acerbae
969 4309 1006 4366 18
1025 4310 1192 4379 autpenaP
1236 4309 1403 4365 19necesP
1424 4311 1436 4375 ΙΙ
1459 4306 1655 4376 qualitercum-

524 4410 607 4462 queu
671 4395 709 4451 23
727 4412 770 4450 cor
786 4396 862 4464 pueri
875 4396 1016 4450 Boreion:
1036 4396 1193 4464 corporeP,
1207 4411 1280 4448 cora
1349 4394 1386 4450 24
1397 4395 1498 4463 plastes
1511 4392 1651 4459 Bursian,

524 4481 838 4550 idcmplasticom'oieas
860 4485 872 4550 ΙΙ
894 4483 1057 4536 lineamenta
1078 4480 1137 4535 edd.
1202 4481 1241 4537 26
1259 4480 1368 4535 Selenus
1390 4480 1418 4533 P
1433 4496 1478 4547 pr.
1492 4495 1525 4532 m.
