4050 5559
553 601 614 664 124
967 599 989 651 F
996 598 1106 651 irmici
1124 598 1268 651 Materni

550 875 703 939 tationem
717 874 834 958 ingenii
849 874 1051 938 simulacrum
1065 874 1120 938 aut
1135 875 1266 956 sculpsit
1281 876 1336 940 aut
1350 873 1447 952 fudit,
1480 873 1588 938 diuina
1609 893 1678 938 mc·

550 977 658 1042 ledicti
680 976 944 1042 animaduersione
964 977 1152 1058 percutitur,
1187 977 1262 1059 quid
1277 997 1398 1060 sperare
1413 977 1524 1042 debeat
1539 977 1679 1042 couside-

517 1081 682 1145 4randum
698 1082 744 1145 est
759 1080 812 1162 qui
827 1077 909 1161 quod
924 1080 1003 1145 alter
1017 1079 1159 1144 uendidit
1175 1080 1267 1145 deum
1283 1080 1368 1145 dicit.
1393 1080 1567 1145 Hieremias
1583 1079 1680 1145 etiam

551 1204 621 1249 eum
636 1185 797 1267 praecepta
807 1185 873 1249 Deo
884 1183 1008 1249 iubente
1023 1183 1107 1265 plebi
1122 1184 1211 1248 daret
1224 1185 1281 1248 bae
1295 1183 1444 1265 populum
1458 1183 1596 1249 oratione
1607 1201 1679 1249 cou-
1702 1215 1713 1254 s

550 1288 650 1352 uenit:
673 1279 809 1352 ‘dieite
831 1289 958 1352 autem
980 1287 1019 1351 in
1041 1287 1152 1352 corde
1167 1288 1312 1351 uestro:
1329 1287 1409 1351 tibi
1424 1288 1578 1369 oportet
1594 1287 1680 1351 ado·

550 1410 649 1468 rare,
684 1390 844 1456 domine.
882 1391 1044 1474 augelus
1078 1390 1204 1455 autem
1236 1408 1342 1455 meus
1374 1390 1577 1454 uobiscum
1604 1391 1679 1468 est,

550 1512 619 1578 ego
642 1494 768 1558 autem
790 1494 988 1575 exquiram
1009 1493 1157 1559 animas
1187 1495 1348 1558 uestras
1385 1493 1523 1578 lingua
1551 1510 1681 1557 eorum

550 1597 676 1680 polita
697 1616 715 1662 a
737 1597 866 1674 labro,
904 1598 988 1678 ipsa
1017 1597 1137 1662 etiam
1164 1597 1344 1661 inaurata
1366 1597 1403 1662 et
1425 1595 1681 1680 inargentata

549 1701 651 1765 falsa
673 1703 761 1765 suut
784 1702 820 1765 et
841 1718 912 1764 nou
934 1702 1094 1781 possunt
1115 1701 1237 1782 loqui:
1262 1701 1299 1765 et
1320 1701 1424 1764 sicut
1447 1699 1597 1784 uirgini
1619 1715 1717 1762 or-1o

548 1806 679 1870 uatum
702 1804 848 1869 amanti
881 1805 1038 1885 accepto
1071 1821 1166 1868 auro
1200 1802 1387 1868 fabricati
1410 1805 1498 1867 sunt
1519 1820 1681 1869 coronas

549 1926 665 1989 supra
686 1906 991 1988 eapita‘deorum
1014 1924 1175 1972 suorum.
1199 1908 1259 1971 est
1280 1907 1406 1972 autem
1430 1907 1579 1987 quando
1595 1909 1681 1973 sub-

550 2011 709 2075 trahent
740 2010 960 2076 sacerdotes
993 2030 1011 2075 a
1044 2010 1121 2075 diis
1149 2011 1229 2075 suis
1257 2031 1393 2076 aurum
1415 2011 1452 2076 et
1474 2013 1681 2096 argeutum

549 2117 587 2178 et
621 2115 782 2198 erogant
812 2114 914 2178 illud
946 2115 985 2178 iu
1017 2116 1137 2178 semet
1170 2114 1291 2196 ipsos;
1325 2115 1471 2180 dabunt
1498 2115 1616 2180 etiam
1639 2133 1681 2180 ex

549 2217 632 2298 ipso
656 2217 693 2280 et
714 2217 945 2298 prostitutis
968 2217 1257 2296 meretricibus,
1289 2219 1500 2300 ornantque
1522 2218 1616 2283 illos
1639 2219 1712 2282 utu

549 2320 723 2384 homiues
750 2320 1014 2398 uestimentis,
1050 2320 1139 2385 deos
1173 2322 1375 2405 argenteos
1409 2324 1446 2387 et
1479 2340 1619 2387 aureos
1643 2324 1680 2387 et

550 2413 723 2506 ligneos'
745 2424 833 2488 addit
848 2425 944 2489 etiam
958 2424 1221 2506 insequentibus,
1244 2425 1280 2487 ut
1305 2442 1427 2490 omnem
1453 2424 1680 2491 dubitationem

549 2527 763 2609 trepidationis
788 2527 937 2592 excutiat:
968 2520 1094 2608 ‘supra
1116 2545 1250 2608 corpus
1273 2546 1399 2592 eorum
1422 2529 1459 2592 et
1481 2529 1596 2610 caput
1618 2549 1678 2593 uo-

550 2629 848 2695 litautnoctuae
870 2633 907 2695 et
928 2630 1159 2696 hirundines
1182 2636 1217 2696 et
1239 2649 1330 2695 aues
1352 2631 1558 2696 similiter:
1582 2632 1679 2697 uude

548 2734 688 2797 scietis
722 2733 811 2815 quia
845 2752 915 2798 nou
949 2735 1038 2799 sunt
1065 2734 1134 2798 dii:
1158 2753 1231 2799 nou
1254 2752 1345 2818 ergo
1369 2735 1586 2799 timueritis
1609 2754 1713 2802 eosoo

550 2856 682 2901 aurum
704 2836 803 2900 euim
825 2836 923 2917 quod
946 2837 1050 2902 eirea
1072 2856 1109 2902 se
1131 2837 1273 2901 habent
1306 2837 1350 2902 ad
1382 2838 1563 2918 speciem,
1601 2838 1678 2903 nisi

548 2939 673 3020 aliqui
705 2939 915 3003 exterserit
947 2939 1189 3024 aeruginem,
1226 2958 1297 3004 nou
1330 2940 1520 3023 fulgebit:
1555 2961 1679 3032 neque

550 3043 652 3106 euim
688 3062 772 3107 eum
812 3042 1085 3109 conflabantur
1124 3045 1354 3110 sentiebant.
1392 3045 1521 3125 pretio
1556 3045 1678 3128 empti

549 3147 638 3210 suut
671 3146 709 3211 in
742 3146 882 3228 quibus
916 3146 1081 3228 spiritus
1114 3166 1184 3213 nou
1218 3149 1290 3226 est,
1327 3147 1408 3212 sine
1430 3147 1680 3231 pedibusliu

548 3249 717 3315 humeris
738 3242 967 3332 portantur.'
989 3251 1078 3317 addit
1098 3253 1204 3330 etiam,
1220 3253 1257 3316 ut
1272 3250 1449 3316 confirmata
1464 3271 1551 3316 meus
1567 3251 1678 3318 fortius
1686 3279 1711 3319 es

548 3354 721 3418 roboretur:
743 3347 925 3420 ‘scientes
945 3355 1080 3437 itaque
1096 3355 1214 3419 erbis
1237 3354 1417 3436 quianon
1439 3356 1529 3418 suut
1551 3354 1610 3420 dii
1632 3375 1675 3420 ue

648 3546 665 3601 o
685 3542 925 3613 spuens-10.
981 3541 1018 3598 18
1037 3542 1073 3596 ru.
1087 3541 1208 3598 21-24.
1261 3542 1300 3598 eo
1319 3542 1354 3595 u.
1367 3542 1413 3599 es.

548 3719 607 3785 Po,
625 3733 672 3770 ena.
687 3717 812 3770 Bursian
824 3732 858 3769 ec
871 3716 966 3783 LXX,
981 3715 1038 3769 coll.
1058 3715 1139 3784 Oppi:
1154 3715 1250 3768 testim.
1265 3715 1323 3782 III,
1337 3719 1373 3768 59
1386 3721 1411 3768 et
1424 3715 1499 3784 epist.
1510 3713 1548 3768 ad
1558 3714 1673 3768 Fortun

547 3809 572 3871 1,
582 3820 611 3871 p.
626 3807 677 3856 515
696 3860 700 3867 ,μ

600 3888 618 3947 5
636 3888 745 3941 iuueute
756 3889 784 3941 P
834 3887 853 3944 8
872 3900 920 3957 ego
934 3889 1075 3942 Bursian:
1094 3888 1154 3957 lege
1167 3889 1206 3952 P,
1225 3888 1313 3957 legem
1324 3905 1356 3956 a;
1375 3890 1407 3943 a'a
1419 3894 1549 3943 contextu
1565 3887 1672 3943 Graeco

549 3981 602 4029 est:
622 3970 704 4034 αὐτός
720 3993 749 4028 τε
767 3976 886 4041 ἐκζητῶν
908 3977 921 4044 ll
944 3975 978 4028 ab
990 3975 1094 4029 animas
1106 3977 1211 4028 uestras
1225 3975 1265 4038 P,
1292 3975 1326 4028 ab
1348 3975 1487 4029 animabus
1507 3974 1606 4027 uestris
1628 3990 1646 4027 α

549 4060 567 4117 9
587 4076 603 4113 a
616 4061 681 4115 add.
694 4061 821 4114 Bursian
876 4060 914 4117 10
925 4060 1028 4129 uirgini
1040 4061 1151 4114 hortatu
1164 4061 1267 4114 amanti
1279 4076 1403 4130 accepero
1413 4061 1447 4129 P,·
1461 4077 1508 4115 ene.
1521 4060 1647 4128 Bursian

551 4147 589 4204 14
602 4146 749 4216 erogabunt
761 4164 795 4216 a‚·
813 4148 846 4200 in
863 4147 969 4201 Graeco
981 4154 1035 4201 eet:
1057 4143 1287 4217 ὑφαιρούμενοι..
1307 4149 1491 4201 accusatorius
1551 4147 1587 4205 15
1604 4162 1682 4200 orna-

548 4231 670 4301 buntque
688 4249 721 4300 o;
744 4231 866 4287 Graecam
883 4248 988 4301 paceque
1005 4238 1097 4287 textus
1113 4233 1207 4287 babet:
1227 4229 1350 4286 δώσουσι
1367 4232 1427 4287 δὲ..
1444 4234 1586 4304 cooperiet
1601 4251 1630 4286 τε

551 4317 590 4374 18
609 4333 698 4381 eorum
711 4319 853 4373 Bersabe:
872 4319 929 4373 eius
942 4319 987 4372 Pe
1042 4318 1079 4376 19
1098 4334 1161 4372 aues
1174 4318 1300 4373 similiter
1312 4321 1340 4373 et
1352 4321 1440 4372 eattae
1453 4320 1522 4373 coni.
1535 4318 1664 4373 Bursian
1671 4339 1681 4385 ;

548 4410 641 4458 textus
660 4421 776 4474 precene
796 4406 889 4459 babet:
918 4406 1088 4474 ἐψίπτανται
1109 4406 1277 4478 νυκτερίδες,
1300 4401 1445 4475 χελιδόνες
1466 4409 1513 4458 καὶ
1533 4403 1566 4457 nt
1589 4403 1680 4476 ὄρνεα,
1728 4448 1730 4451 .

547 4487 676 4551 ὡσαύτως
688 4491 719 4544 δὲ
731 4494 778 4544 καὶ
791 4493 819 4543 οἱ
831 4494 956 4564 αἴλουροι
1008 4491 1046 4548 21
1065 4491 1136 4544 enim
1148 4491 1289 4546 Bnrso'aa:
1307 4491 1366 4545 aius
1379 4491 1424 4544 Pa
1488 4490 1526 4546 22
1546 4489 1677 4559 aliquisa

555 4578 570 4645 ll
593 4577 731 4646 eruginem
743 4577 787 4631 Po
840 4577 878 4634 23
897 4576 1080 4631 conflabuntur
1095 4576 1248 4631 sentiebunt
1262 4578 1296 4646 P,
1310 4593 1357 4631 em.
1372 4577 1500 4631 Bursian
