4050 5559
824 496 895 564 Cap.
916 496 995 554 3-5,
1430 498 1469 562 81

349 653 521 718 delectatur
535 654 685 737 hospitio,
702 653 782 736 quod
797 653 962 736 impudicis
977 653 1121 718 adhaeret
1135 653 1293 732 membris,
1309 652 1389 734 quod
1404 653 1471 734 pol·

348 755 414 819 luta
428 757 563 839 eorporis
580 756 836 822 contaminatione
852 757 999 839 placatur.
1029 757 1206 835 erubescite,
1224 774 1241 820 o
1256 756 1371 834 miseri,
1387 776 1472 820 sum-

349 859 509 924 mitatem:
525 859 618 924 aliter
632 877 687 923 uos
703 860 777 924 1666
792 858 875 924 fecit.
892 879 963 924 cum
978 859 1084 925 cohors
1100 861 1203 925 uestra
1218 861 1258 924 ad
1272 859 1410 923 tribunal
1423 859 1473 922 iu·

350 962 481 1026 dicentis
495 962 554 1027 Dei
580 962 755 1041 accesserit,
782 962 861 1026 nihil
877 963 1038 1027 uobiscum
1053 963 1192 1027 referetis
1219 962 1300 1044 quod
1313 962 1398 1027 Deus
1421 962 1473 1043 qui

322 1082 403 1133 suos
429 1065 505 1130 feeit
531 1067 685 1148 agnoscat.
717 1064 831 1131 abicite
856 1065 938 1130 hunc
952 1067 1057 1130 tantae
1084 1065 1273 1131 calamitatis
1294 1084 1427 1131 errorem
1443 1066 1474 1128 et

350 1167 454 1231 studia
480 1168 624 1249 profanae
650 1170 763 1235 mentis
791 1170 954 1253 aliquando
966 1170 1110 1248 deserite,
1137 1169 1233 1234 nolite
1259 1187 1367 1250 corpus
1394 1170 1475 1251 quod

349 1271 433 1335 Deus
456 1270 530 1335 fecit
547 1273 696 1338 scelerata
718 1273 833 1338 diaboli
853 1273 922 1356 lege
937 1273 1099 1349 damnare,
1116 1272 1345 1337 calamitatibus
1363 1272 1475 1337 uestris

349 1372 425 1437 dum
440 1374 540 1438 adhue
551 1375 674 1457 tempus
692 1377 812 1457 patitur
828 1375 998 1440 subuenite.
1015 1375 1226 1440 misericordia
1237 1375 1294 1438 Dei
1316 1374 1403 1439 diues
1418 1377 1474 1454 est,

350 1474 483 1541 libenter
504 1477 659 1559 ignoscit:
696 1479 814 1543 relictis
844 1479 1011 1562 nonaginta
1037 1497 1148 1543 nouem
1175 1478 1284 1542 ouibus
1304 1479 1308 1560 l
1329 1478 1577 1551 6616666666.

322 1607 343 1646 6
351 1579 472 1660 quaerit
487 1599 596 1658 unam,
614 1583 645 1645 et
660 1599 782 1646 reuerso
797 1582 885 1662 pater
899 1580 1027 1664 prodigo
1045 1581 1108 1646 filio
1130 1581 1161 1645 et
1184 1582 1302 1645 uestem
1322 1580 1424 1645 reddit
1445 1583 1505 1645 614

350 1683 441 1762 parat
452 1700 566 1747 cenam.
583 1682 652 1747 nolo
665 1702 719 1748 uos
735 1684 893 1765 desperare
905 1683 1000 1748 faciat
1011 1683 1175 1747 criminum
1191 1683 1376 1747 multitudo:
1392 1684 1476 1747 Deus

352 1802 493 1848 summus
509 1805 562 1866 per
577 1786 678 1850 filium
694 1805 785 1850 suum
798 1787 902 1851 Iesum
917 1785 1076 1850 Christum
1091 1786 1251 1850 dominum
1264 1787 1405 1850 nostrum
1420 1803 1476 1849 uo-

351 1886 450 1951 166166
462 1887 575 1954 liberat
588 1891 619 1954 et
630 1889 859 1970 paenitentibus
870 1889 1150 1972 libenterignoscit,
1163 1908 1219 1953 nec
1230 1889 1367 1953 multum
1379 1888 1475 1972 erigit

352 1991 389 2052 61
403 1990 560 2073 ignoscat:
576 1991 635 2055 fide
646 1993 770 2056 tantum
785 1994 816 2057 61
831 1991 1020 2074 paenitentia
1031 1991 1160 2072 potestis
1172 1992 1320 2056 redimere
1332 1991 1477 2074 quioquid

321 2121 343 2161 6
353 2093 509 2158 sceleratis
525 2093 640 2158 diaboli
655 2094 901 2177 persuasionibus
916 2094 1104 2176 perdidistis.

397 2197 509 2261 Persae
530 2197 561 2260 et
575 2197 662 2281 Magi
689 2215 814 2276 omnes,
841 2198 894 2279 qui
915 2198 1056 2262 Persicae
1082 2197 1213 2281 regionis
1234 2197 1372 2262 incolunt
1391 2197 1508 2276 fines,5

353 2300 459 2383 ignem
471 2299 648 2383 praeferunt
660 2301 690 2364 et
702 2299 843 2364 omnibus
855 2299 1014 2365 elementis
1030 2301 1133 2384 ignem
1148 2301 1259 2383 putant
1271 2300 1380 2365 debere
1391 2320 1478 2382 prae-

353 2402 435 2483 poni.
466 2402 499 2465 hi
515 2401 619 2484 itaque
635 2402 738 2486 ignem
751 2402 873 2467 induas
889 2403 1034 2467 diuidunt
1048 2403 1232 2484 potestates,
1253 2404 1398 2468 naturam
1414 2403 1479 2467 eius

354 2505 394 2569 ad
414 2507 581 2585 utrumque
607 2524 712 2570 sexum
736 2505 954 2570 transferentes
976 2507 1006 2571 et
1030 2506 1091 2569 uiri
1116 2508 1147 2569 et
1167 2505 1301 2570 feminae
1316 2505 1481 2570 simulacro

320 2608 437 2691 20ignis
449 2607 656 2672 substantiam
668 2609 867 2689 deputantes:
884 2610 914 2672 61
926 2608 1088 2673 mulierem
1100 2608 1225 2690 quidem
1239 2608 1374 2673 triformi
1389 2607 1480 2670 uultu

356 2712 550 2776 constituunt
565 2712 745 2777 monstrosis
761 2731 830 2777 eam
846 2712 1038 2793 serpentibus
1053 2712 1228 2795 inligantes.
1257 2711 1337 2791 quod
1350 2710 1417 2774 ideo
1433 2709 1448 2773 f
1465 2744 1480 2757 ·

356 2815 452 2894 ciunt,
468 2834 506 2879 ne
521 2816 559 2879 ab
574 2816 697 2881 auctore
712 2835 766 2880 suo
782 2816 902 2881 diabolo
918 2816 1022 2899 aliqua
1036 2817 1154 2882 ratione
1169 2815 1362 2893 dissentiant,
1378 2816 1431 2878 sed
1445 2815 1483 2878 61

357 2918 413 2983 166
425 2938 481 2982 666
495 2919 687 3000 serpentibus
703 2920 859 3002 pullulans
879 2921 1043 2985 maculosis
1064 2920 1180 2986 diaboli
1202 2918 1375 3003 insignibus
1391 2917 1481 2982 ador·
1551 2981 1553 2985 Α

356 3023 456 3086 66166.
485 3022 589 3085 uirum
604 3041 675 3086 uero
691 3023 866 3088 abactorem
888 3023 1004 3088 bouum
1016 3025 1149 3089 colentes
1164 3043 1249 3089 sacra
1265 3025 1329 3088 eius
1347 3023 1385 3087 ad
1401 3022 1514 3106 ignisa

322 3159 347 3200 25
357 3125 548 3190 transferunt
562 3127 763 3208 potestatem,
781 3127 861 3190 sicut
872 3128 1021 3209 propheta
1037 3128 1103 3192 6166
1117 3127 1247 3192 tradidit
1258 3126 1347 3190 nobis
1362 3126 1482 3190 dicens:

358 3222 483 3294 Μύστα
504 3225 716 3316 βοοκλοπίης,
738 3224 787 3294 6ἱὲ
817 3228 902 3308 δέξιε
929 3224 1056 3316 πατρὸς
1084 3222 1212 3315 6166υοῦ.
1234 3230 1315 3293 huno
1332 3229 1482 3292 Mithram

359 3334 477 3411 dicunt,
494 3352 580 3398 sacra
595 3352 667 3397 6666
680 3334 745 3398 6166
759 3334 792 3398 16
804 3333 955 3416 speluncis
967 3333 1082 3398 abditis
1094 3333 1231 3411 tradunt,
1244 3333 1280 3396 61
1295 3350 1414 3412 semper
1428 3329 1483 3395 ob-

357 3454 447 3501 scuro
462 3436 659 3501 tenebrarum
670 3436 810 3518 squalore
827 3437 959 3502 demersi
970 3437 1103 3521 gratiam
1116 3434 1267 3518 splendidi
1279 3452 1313 3499 66
1323 3433 1420 3498 sereni
1432 3433 1485 3496 lu·

359 3541 454 3605 minis
469 3541 577 3605 nitent.
605 3539 704 3603 odira
718 3540 855 3604 numinis
871 3541 1070 3605 consecratio!
1098 3558 1115 3603 o
1130 3538 1277 3604 barbarae
1297 3537 1377 3621 legis
1399 3535 1486 3620 fugi-

409 3711 427 3763 2
439 3711 613 3778 supinitatem
619 3711 765 3778 Wowerus‚
780 3710 953 3764 insanitatem
962 3712 1018 3779 (uel
1027 3710 1224 3779 stupiditatem)
1234 3709 1329 3763 061166
1377 3707 1415 3764 10
1426 3706 1489 3760 redm

359 3797 402 3851 dit
414 3814 445 3852 a:
463 3797 615 3850 reddiditP
667 3798 703 3853 11
717 3812 824 3850 coenam
835 3815 853 3850 6
908 3797 941 3852 13
955 3796 1041 3850 multa
1054 3813 1083 3860 6,
1097 3796 1172 3849 unde
1186 3795 1325 3849 Woweras
1335 3794 1450 3848 multam

360 3885 396 3940 14
413 3885 563 3952 penitentia
575 3882 607 3937 Ρ
655 3884 691 3940 16
704 3883 843 3937 Ρ6661666
895 3883 929 3938 17
942 3886 970 3936 61
982 3898 1030 3936 oon.
1045 3899 1063 3935 6
1116 3882 1153 3938 18
1165 3882 1255 3950 ignem
1267 3880 1309 3933 P:
1326 3879 1451 3934 Jouemc

362 3969 399 4026 19
413 3969 446 4022 ad
458 3970 598 4037 utriusque
611 3986 687 4023 sexus
700 3971 753 4037 Pu,
764 3969 946 4023 6611666166
966 3969 977 4035 ΙΙ
999 3955 1141 4021 simulacro
1154 3969 1189 4035 P,
1201 3972 1234 4020 61
1246 3966 1314 4021 6661.
1327 3966 1434 4019 06161666
1449 3965 1487 4016 si·

359 4056 498 4110 m'ulaehra
510 4075 528 4110 6
580 4058 618 4113 23
635 4057 772 4125 pullulans
785 4058 926 4111 Bursian:
943 4055 1077 4124 pollulant
1090 4056 1127 4119 P,
1147 4054 1279 4124 pollutae
1331 4052 1370 4109 24
1387 4053 1485 4105 bonurn

359 4144 399 4207 P,
418 4143 497 4195 boum
510 4144 569 4197 edd.
622 4144 658 4200 26
677 4146 719 4197 υἱὲ
731 4145 803 4205 dibre
816 4144 954 4197 Bursian:
972 4133 1485 4209 ΟΥΝΔΕΞῙΕΡ(Μικτάβωμυστάκυ

361 4230 375 4282 ὁ
388 4234 507 4297 alentur
516 4227 629 4285 studere
642 4249 746 4302 πατρος
757 4227 862 4299 ἁγάνου
875 4231 903 4299 6)
919 4231 931 4297 11
948 4229 1057 4282 mitram
1069 4230 1097 4282 P
1139 4227 1177 4283 29
1195 4227 1285 4280 nitent
1297 4227 1334 4279 P:
1348 4224 1485 4278 uideanto

371 4317 383 4384 ΙΙ
403 4315 463 4369 1166
475 4316 617 4371 Bursian:
634 4333 698 4370 uera
709 4319 748 4381 P,
767 4332 843 4371 caeca
855 4334 886 4379 o;
900 4317 989 4383 pessis
1001 4315 1084 4368 etium
1094 4329 1219 4382 peruersa
1238 4313 1283 4365 uel
1303 4326 1380 4375 uana,
1402 4315 1485 4364 61661

359 4421 386 4473 p.
401 4408 491 4471 91,18
509 4403 586 4457 uanis
600 4403 842 4457 consecrationibus
863 4403 874 4469 ΙΙ
895 4402 1025 4455 barbarae
1044 4402 1072 4455 P
1092 4406 1157 4454 16616
1181 4397 1420 4464 Reifferscheidio:
1440 4411 1490 4448 ne·-

361 4490 446 4545 fariae
459 4489 520 4544 edd.
533 4506 572 4544 66
583 4487 759 4543 barbaricae?
777 4485 842 4543 aum
859 4489 988 4557 spatium,
1006 4487 1079 4557 quod
1095 4486 1202 4542 iudicut
1214 4486 1331 4553 Loreua,
1344 4483 1489 4537 66166661.

1260 4570 1280 4634 6
