4050 5559
658 599 760 653 Index
784 598 958 652 uerborum
977 603 1010 652 et
1028 599 1240 652 locutionum.
1472 603 1514 668 65

356 755 436 809 coitio
448 757 493 824 (=
506 756 607 825 coetus)
619 755 704 823 impia
727 755 753 819 9,
769 757 799 819 1,
818 754 921 808 (1111111-
992 755 1059 807 culis
1083 756 1270 825 prophetarum
1292 755 1400 824 cognita
1420 755 1465 819 35,
1489 757 1518 821 1;

386 857 450 894 num
463 840 542 894 coitio
561 840 607 904 31,
622 841 637 893 1
991 840 1024 893 de
1034 842 1139 894 oraculo
1148 841 1331 894 testimonium
1338 840 1509 905 1111111132
1513 863 1520 906 ;

351 927 435 981 colere
448 926 628 980 innocentiam
645 925 691 989 32,
705 927 723 982 3
990 926 1023 979 de
1033 927 1200 980 matrimonio
1210 926 1379 980 mulierculae
1388 927 1416 994 (1.
1424 943 1443 980 1.
1451 944 1517 996 nup-

350 1012 548 1066 commercium:
582 1014 725 1080 antequam
756 1011 918 1064 commerciis
989 1013 1045 1080 tae)
1058 1012 1105 1075 25,
1118 1012 1147 1075 3;
1166 1013 1364 1081 templaomnia
1375 1013 1407 1065 de
1426 1029 1517 1066 manu·

381 1097 454 1151 orbis
467 1099 573 1167 pateret
591 1097 637 1160 20,
652 1097 669 1153 6
988 1097 1042 1150 biis
1061 1098 1107 1161 25,
1126 1097 1158 1162 3;
1182 1098 1214 1150 de
1226 1098 1281 1151 suis
1293 1097 1373 1151 dictis
1386 1100 1517 1167 sapientes

348 1184 377 1236 in
389 1183 574 1251 compendium
587 1199 721 1236 commune
733 1182 834 1251 protuli
845 1183 917 1245 15,2
988 1199 1045 1236 esse
1068 1186 1221 1237 meruerrmt
1245 1184 1288 1246 10,
1307 1183 1326 1238 4
1332 1204 1338 1246 ;
1363 1183 1395 1236 de
1418 1185 1517 1238 harena

349 1269 580 1337 comperendinare
600 1268 645 1332 38,
659 1269 677 1326 5
986 1268 1058 1322 ferae
1073 1269 1119 1333 30,
1131 1270 1162 1334 63
1172 1269 1314 1322 initiaride
1321 1269 1397 1322 caede
1407 1270 1519 1323 infantis

351 1370 506 1423 componere
517 1354 594 1424 paria
606 1354 805 1422 (pugnantium)
823 1353 869 1416 23,
883 1353 901 1409 3
908 1374 915 1416 ;
985 1354 1027 1417 30,
1040 1356 1069 1419 1;
1083 1355 1114 1408 de
1124 1358 1213 1409 uestro
1224 1370 1332 1407 numero
1344 1372 1430 1410 carcer
1442 1374 1516 1411 exae-

383 1456 464 1508 quam
486 1439 626 1508 pulchrum
652 1440 830 1508 spectaculum
851 1440 914 1501 Deo,
987 1443 1061 1493 stuat
1075 1441 1120 1505 35,
1135 1440 1165 1504 63
1184 1441 1346 1508 requiescere
1367 1441 1399 1494 de
1419 1443 1514 1496 itinere

382 1542 443 1580 cum
453 1525 623 1580 Christianus
636 1524 776 1578 aduersum
787 1525 874 1577 minas
888 1527 915 1576 et
984 1527 1011 1590 4,
1024 1528 1055 1591 5;
1066 1526 1097 1579 de
1107 1526 1198 1595 paucis
1208 1526 1339 1579 innumeri
1351 1525 1417 1579 facti
1426 1528 1472 1592 33,
1484 1528 1514 1591 3;

382 1612 516 1680 supplicia
542 1614 570 1664 et
592 1613 726 1664 tormenta
749 1610 914 1678 componitur
985 1611 1017 1664 de
1029 1611 1180 1665 hominibus
1190 1627 1252 1664 aues
1263 1611 1308 1673 20,
1318 1611 1350 1674 4;
1360 1611 1391 1664 11
1402 1628 1478 1681 capro
1489 1616 1517 1666 et

382 1697 429 1762 37,
448 1698 464 1753 1
985 1696 1093 1749 homine
1105 1697 1183 1749 mixti
1195 1697 1238 1750 dei
1250 1696 1296 1760 28,
1310 1697 1341 1761 7;
1362 1696 1394 1749 de
1411 1697 1516 1767 integro

347 1783 497 1852 computari
509 1784 580 1836 inter
592 1782 654 1834 deos
672 1781 719 1844 25,
733 1780 751 1836 8
985 1782 1053 1835 mihi
1064 1783 1240 1838 cumOctauio
1250 1799 1292 1836 res
1301 1785 1342 1835 est
1353 1782 1381 1846 4,
1393 1783 1425 1847 4;
1439 1783 1516 1838 01111-

347 1871 522 1922 eoncatenata
541 1868 586 1931 17,
600 1868 618 1922 2
987 1867 1090 1921 11111111
1102 1869 1133 1922 de
1146 1869 1263 1939 proximo
1275 1869 1396 1937 fugitant
1413 1868 1459 1934 27,
1485 1869 1502 1924 7
1507 1891 1516 1932 ;

346 1954 484 2007 concinere
506 1954 564 2023 pari
585 1970 644 2007 cum
663 1953 753 2021 aliquo
774 1951 913 2005 uoluntate
983 1969 1036 2005 non
1047 1955 1222 2008 dubitandum
1232 1955 1256 2006 ei
1266 1954 1298 2008 de
1308 1957 1393 2008 cetero
1401 1955 1515 2019 est16,4

383 2041 408 2105 1,
423 2040 441 2096 3
950 2038 1075 2092 decliuis:
1096 2040 1165 2108 quod
1187 2041 1241 2093 iam
1263 2040 1303 2092 sol
1314 2040 1418 2094 occasui
1435 2039 1514 2092 decli-

346 2126 480 2178 concretio
492 2125 681 2178 elementorum
699 2125 726 2188 5,
741 2124 759 2179 8
984 2125 1027 2177 uis
1043 2128 1084 2178 est
1101 2126 1145 2189 40,
1158 2127 1175 2179 2

345 2211 521 2279 conflagratio
533 2211 723 2264 elementorum
741 2208 819 2272 344
949 2210 1099 2264 decurrere:
1118 2227 1148 2263 11
1173 2227 1239 2279 quae
1261 2213 1315 2264 iam
1334 2213 1470 2264 transacta
1488 2213 1516 2264 11

345 2296 467 2350 conscius
483 2297 512 2349 in
529 2296 662 2349 amoribus
675 2296 757 2349 alicui
771 2295 795 2357 1,
808 2294 841 2357 4;
854 2309 913 2346 1111-
984 2295 1169 2349 decursarunt
1188 2297 1212 2360 1,
1229 2283 1251 2352 1Ι

382 2382 467 2435 seium
478 2382 568 2435 lumen
586 2382 612 2444 0,
627 2381 644 2436 7
950 2381 1072 2435 deficitur
1085 2382 1139 2435 sole
1150 2382 1292 2436 Britannia
1312 2383 1356 2448 18,
1370 2383 1387 2439 3

348 2484 485 2522 conserere
498 2467 658 2536 sapientiam
675 2466 735 2529 4,4
951 2467 1074 2536 defungi:
1101 2467 1265 2535 frequentius
1297 2470 1325 2522 in
1349 2468 1514 2521 aedituorum

347 2553 508 2607 consistere:
529 2553 574 2620 qui
586 2552 648 2606 ordo
660 2552 738 2605 facile
750 2550 912 2613 turbaretur,
985 2553 1088 2605 cellulis
1101 2569 1181 2621 quam
1204 2553 1233 2605 111
1253 2554 1320 2622 ipsis
1341 2553 1513 2622 lupanaribus

384 2639 439 2692 nisi
474 2641 590 2691 maxima
619 2637 722 2691 ratione
758 2637 914 2689 consisteret
985 2637 1104 2706 flagrans
1116 2639 1202 2692 libido
1215 2639 1373 2708 defungitur
1391 2640 1436 2703 25,
1453 2640 1488 2695 11

384 2724 430 2787 17,
443 2725 462 2779 7
470 2745 476 2787 ;
495 2741 542 2777 nee
560 2724 592 2776 de
610 2723 707 2776 ultima
725 2722 819 2775 statim
837 2721 913 2790 plebe
950 2723 1097 2792 degradare
1115 2725 1159 2788 26,
1174 2725 1191 2780 7

381 2810 566 2872 consistimus,
591 2809 614 2861 si
632 2809 742 2862 honores
759 2811 861 2862 uestros
873 2823 913 2860 re·
949 2809 1069 2862 delibata
1079 2812 1174 2879 pocula
1192 2811 1237 2874 38,
1253 2812 1283 2876 1;
1302 2810 1433 2864 delibatos
1446 2810 1515 2862 alta·

381 2911 504 2948 cusamus
523 2896 568 2959 31,
583 2895 601 2950 6
983 2895 1058 2948 ribus
1070 2899 1148 2965 potus
1161 2897 1309 2950 abhorretis
1328 2897 1371 2960 12,
1385 2897 1403 2954 5

346 2982 481 3033 consortes
493 2980 555 3033 fidei
573 2981 614 3044 31,
628 2981 646 3037 8
949 2980 1081 3050 demergit
1093 2983 1134 3035 sol
1151 2983 1196 3046 34,
1212 2984 1247 3038 11

347 3066 534 3120 consubsidere
552 3066 599 3129 40,
613 3067 631 3121 2
948 3066 1073 3121 denotare
1082 3091 1115 3115 =
1125 3068 1335 3121 animaduertere
1352 3069 1376 3131 2,
1389 3068 1408 3123 4

349 3153 681 3221 contemplatiozimago
701 3152 758 3215 1,2
949 3152 1107 3205 denuntiare
1120 3153 1260 3206 interitum
1280 3154 1324 3216 11,
1347 3154 1365 3208 3

348 3240 554 3290 contremescere
566 3237 668 3305 aliquid
686 3238 733 3301 28,
746 3237 763 3293 9
949 3237 1125 3306 desponsatae
1138 3238 1257 3306 uirgines
1275 3238 1321 3300 25,
1335 3238 1352 3290 3

348 3322 472 3375 conuiuia
484 3323 586 3376 incesta
597 3323 708 3376 miscere
726 3322 772 3387 28,
786 3324 802 3376 2
949 3323 1075 3392 despuere
1088 3324 1148 3377 deos
1167 3324 1193 3386 8,
1206 3322 1226 3377 4

348 3408 465 3461 crastino
478 3408 524 3477 (11.
537 3408 592 3475 die)
611 3408 657 3472 40,
671 3410 689 3464 2
949 3409 1099 3462 destinatae
1108 3407 1512 3476 uirgines=desponsatae25,3

347 3493 431 3562 crispi
443 3494 571 3546 fluctuum
584 3511 684 3547 errores
703 3495 726 3559 3,
741 3496 759 3552 3
949 3494 1098 3548 destruere:
1110 3510 1142 3547 ne
1155 3493 1240 3546 omnis
1253 3493 1347 3562 religio
1359 3493 1513 3548 destruatur

348 3578 429 3632 cruda
440 3579 527 3632 hieme
545 3579 591 3643 24,
605 3580 630 3636 3.
650 3581 695 3644 34,
710 3581 747 3636 12
985 3580 1028 3645 13,
1041 3581 1060 3638 5

348 3680 408 3718 cum
429 3666 517 3719 animo
540 3681 586 3718 suo
606 3682 740 3719 recensere
760 3666 784 3729 1,
804 3667 835 3731 13
855 3685 914 3722 cum
950 3665 1195 3720 determinatDeus
1208 3668 1265 3720 sata
1284 3668 1359 3734 36,2

384 3766 502 3803 sermone
515 3750 633 3818 spatium
646 3767 796 3805 consumere
815 3753 841 3818 3,
855 3755 873 3812 5
950 3750 1068 3803 detinere
1078 3753 1218 3805 memorias
1228 3753 1410 3806 defunctorum
1419 3752 1448 3806 in
1457 3756 1511 3806 sta·

349 3852 444 3904 cupere
461 3837 548 3888 sectae
565 3839 671 3890 uestrae
683 3853 735 3890 non
748 3841 912 3907 spontaneos,
983 3837 1039 3889 tuis
1057 3837 1103 3901 20,
1117 3839 1135 3896 5

383 3921 429 3975 sed
441 3922 538 3974 electos
558 3922 603 3986 11,
617 3922 634 3978 6
949 3921 1162 3990 detriumphatos
1175 3924 1257 3992 (deos)
1269 3925 1353 3978 colere
1370 3925 1416 3989 25,
1431 3925 1448 3980 7

349 4007 468 4060 currules
481 4009 509 4074 (i.
524 4024 544 4060 c.
559 4008 698 4076 circenses)
710 4009 767 4062 ludi
786 4010 879 4074 37,11
949 4007 1017 4060 dies:
1038 4024 1100 4060 aues
1118 4010 1145 4062 in
1162 4009 1233 4062 diem
1253 4009 1314 4078 (1.1.
1328 4010 1435 4079 cotidie)
1451 4027 1511 4079 pas-

983 4096 1079 4146 cuntur
1097 4094 1143 4157 36,
1168 4096 1199 4159 5;
1230 4097 1332 4149 caelum
1354 4096 1384 4149 in
1406 4098 1510 4149 noctem

349 4175 465 4244 11111111
485 4194 599 4246 praecem
621 4181 655 4245 ef.
670 4179 707 4232 ad
724 4196 752 4246 p.
770 4184 815 4248 33,
832 4185 850 4234 5
983 4180 1065 4232 astris
1081 4179 1299 4249 distinguitur..,
1318 4182 1346 4235 in
1364 4181 1434 4234 diem
1457 4182 1510 4234 sole

347 4262 392 4315 de:
412 4262 445 4316 de
456 4264 566 4317 marinis
585 4264 699 4317 lauacris
715 4265 816 4318 curatio
835 4266 861 4330 2,
883 4267 911 4330 33
981 4266 1206 4328 lustratur17,5

382 4348 415 4401 de
427 4349 505 4402 libris
516 4351 643 4403 memoria
661 4351 687 4414 7,
700 4351 729 4415 2;
747 4350 869 4404 ludorum
880 4352 912 4405 de
947 4351 1099 4404 diffinditur
1112 4369 1164 4404 una
1176 4352 1221 4404 uia
1234 4352 1262 4405 in
1273 4353 1362 4421 plures
1381 4352 1423 4415 16,
1437 4352 1455 4408 3

384 4435 486 4487 somnio
498 4435 613 4488 hominis
626 4436 735 4489 iteratio
753 4435 779 4499 7,
793 4435 824 4500 3;
837 4453 912 4506 prae·
948 4435 1090 4490 dimidiata
1100 4437 1180 4490 uerba
1192 4440 1323 4507 temptare
1335 4438 1379 4506 (de
1390 4439 1510 4507 infante)

383 4520 457 4573 dicta
468 4521 500 4574 de
512 4521 626 4574 oraculis
643 4522 701 4575 fata
720 4522 745 4584 7,
762 4523 792 4585 5;
811 4521 843 4574 de
854 4538 912 4575 ora·
974 4523 999 4586 2,
1013 4523 1043 4586 13
1054 4526 1177 4592 corrupta
1189 4527 1216 4577 et
1225 4524 1366 4578 dimidiata
1374 4524 1425 4577 fide
1434 4524 1477 4587 34,
1488 4524 1507 4579 6

1285 4613 1305 4676 5
