4050 5559
1495 731 1599 786 XXVII

473 889 654 985 partieula
677 888 849 966 restituta
871 888 968 960 hanc
991 887 1219 984 aptissimam
1241 887 1340 961 nacti
1362 911 1493 961 sumus
1515 911 1600 960 sen·
1699 965 1702 971 ,

472 1009 644 1083 tentiam:
672 1010 702 1081 si
724 1007 785 1081 uel
803 1008 997 1104 improbus
1014 1007 1049 1106 (i
1064 1029 1095 1082 e.
1113 1004 1323 1105 impudens)
1342 1006 1482 1098 uidear,
1505 1007 1599 1083 mihi

474 1153 622 1226 quoque
643 1128 839 1202 uictoriam
862 1126 1042 1202 adscribo,
1070 1149 1129 1198 res
1152 1135 1278 1198 autem
1315 1127 1509 1199 notissima
1532 1137 1598 1217 est,

472 1248 529 1321 uel
549 1246 694 1321 duabus
716 1247 846 1320 litteris
870 1271 956 1318 cum
979 1245 1130 1343 uirgula
1150 1268 1219 1344 per
1241 1246 1255 1316 l
1275 1245 1327 1317 ita
1348 1245 1385 1317 in
1409 1245 1600 1319 codicibus

473 1368 586 1442 scribi
608 1369 743 1456 solere,
771 1377 816 1440 ut
834 1390 942 1464 saepe
960 1367 1025 1440 uix
1045 1364 1090 1439 ab
1108 1377 1147 1438 ot
1165 1363 1344 1462 distingui
1365 1367 1492 1463 possit.
1514 1364 1599 1439 Non

472 1489 524 1560 ita
545 1488 652 1561 facile
675 1487 783 1562 nobis
805 1510 866 1564 res
889 1486 998 1560 cessit
1033 1485 1070 1560 in
1104 1484 1271 1560 eiusdem
1308 1487 1434 1583 capitis
1472 1485 1490 1584 ξ
1515 1489 1536 1559 2
1560 1487 1600 1558 in

473 1608 531 1682 his
560 1607 703 1684 uerbis:
731 1604 920 1704 dequibus
947 1604 1121 1696 orosttbo,
1150 1606 1243 1702 qaod
1273 1604 1347 1679 a'om
1381 1607 1434 1679 sol
1459 1606 1605 1680 occasui

473 1726 617 1803 decb’aos
643 1739 707 1816 est,
747 1739 785 1800 ut
811 1729 853 1801 de
880 1738 949 1801 toto
986 1725 1237 1823 congruentius
1255 1726 1460 1823 promptius
1485 1726 1601 1825 repui-

472 1872 610 1923 remus:
635 1848 673 1920 in
698 1846 833 1944 quibus
856 1846 951 1919 illud
975 1845 1126 1943 quidem
1147 1845 1454 1919 intellexeramus
1481 1846 1602 1919 uerba

475 1980 513 2040 at
539 1969 582 2044 de
608 1979 678 2042 toto
707 1967 954 2064 congruentius
988 1990 1100 2042 sensu
1128 1989 1267 2056 carere,
1309 1965 1374 2040 sed
1400 1965 1602 2063 probabilis

474 2086 678 2161 emendatio
701 2087 738 2160 in
761 2096 923 2159 mentem
945 2110 1021 2158 non
1048 2096 1207 2159 uenerat.
1246 2110 1327 2159 eam
1356 2086 1465 2159 nobis
1488 2084 1599 2160 Vah·

472 2207 623 2283 lenius
640 2205 849 2304 suggessit,
878 2205 943 2301 qui
965 2205 1111 2303 egregie
1135 2205 1361 2278 emendauit:
1396 2218 1434 2278 ut
1461 2207 1502 2281 de
1529 2218 1600 2279 toto

474 2336 773 2422 conpruentcs
786 2324 990 2423 promptt‘us
1011 2323 1246 2422 requiremus,
1270 2333 1313 2397 ut
1334 2326 1425 2399 haec
1448 2325 1497 2398 sit
1519 2350 1601 2398 sen·
1707 2315 1709 2319 ’

473 2445 605 2521 tentia:
634 2443 679 2518 de
711 2445 783 2536 his,
826 2468 922 2542 quae
955 2444 1001 2517 ad
1028 2445 1229 2542 perfectam
1252 2445 1522 2521 institutionem
1539 2470 1600 2518 ne·
1654 2541 1658 2550 Ι

474 2565 632 2638 cessaria
654 2574 765 2653 sunt,
793 2565 955 2640 crastino
976 2565 1125 2638 facilius
1159 2574 1194 2640 et
1232 2563 1444 2661 expeditius
1477 2565 1602 2662 requi-

473 2709 623 2774 remus,
651 2693 693 2756 ut
729 2685 792 2780 qui
825 2683 870 2757 de
893 2693 994 2774 toto,
1022 2683 1056 2757 h.
1081 2706 1110 2756 e.
1133 2683 1178 2756 de
1216 2684 1374 2757 ueritate
1411 2684 1601 2782 religionis

475 2804 695 2879 christianae
722 2803 820 2876 inter
841 2827 910 2875 nos
933 2804 1217 2879 consentiamus.
1244 2804 1353 2876 iuuat
1380 2801 1600 2894 adscribere,

476 2922 791 3020 quemadmodum
827 2924 1051 3020 interpretes
1087 2925 1126 2995 in
1161 2925 1284 2999 uerbis
1322 2926 1520 3021 corruptis,
1543 2935 1601 2997 ut-

469 3066 637 3138 cumque
659 3040 912 3138 intellegendis
936 3067 973 3114 se
995 3044 1191 3134 torserint3
1217 3068 1316 3116 unus
1349 3044 1448 3116 enim
1477 3068 1520 3115 ea
1547 3045 1602 3116 sic

475 3163 604 3237 uertit:
645 3161 736 3234 deese
773 3162 899 3251 sollers,
943 3187 981 3235 so
1007 3163 1072 3238 wt'e
1099 3165 1165 3238 dos
1196 3161 1315 3237 Gonze
1342 3167 1406 3259 (J),
1436 3166 1507 3259 fair
1533 3167 1602 3238 dea
1703 3169 1705 3175 ’

476 3283 690 3378 morpenden
712 3280 787 3379 Tap
801 3284 864 3356 der
881 3278 1216 3380 Geqeastaacaaer
1229 3308 1533 3380 oopemesseneren
1552 3287 1600 3380 (l)

474 3405 550 3476 und
572 3400 828 3497 pesobt'clsteren
851 3406 898 3499 (l)
932 3401 1197 3501 Untersucbunp
1222 3403 1316 3492 seab3
1344 3405 1439 3477 alter
1461 3413 1602 3481 autem:

475 3520 628 3596 dareider
648 3524 771 3597 wollen
793 3522 860 3595 wir
881 3547 1038 3620 morgen,
1060 3548 1099 3597 so
1121 3522 1186 3597 wie
1206 3521 1291 3597 siber
1314 3525 1378 3596 dos
1404 3520 1523 3598 Guttae
1542 3526 1603 3619 (t),

475 3638 857 3717 dberetbndnmendere
882 3643 959 3716 aad
980 3667 1155 3739 papauere
1170 3645 1217 3738 (l)
1250 3639 1514 3740 Ualersucbunp
1539 3669 1601 3717 oa-

476 3761 612 3850 stellea3
650 3763 876 3837 nouissimus
908 3762 1066 3860 denique
1094 3764 1292 3861 interpres:
1321 3762 1393 3839 dies
1418 3766 1518 3860 mo'pe
1544 3763 1601 3836 ab·
1678 3799 1683 3809 ·

476 3880 552 3958 aas
568 3881 639 3976 ft't‘r
664 3906 810 3979 morgen
836 3882 1041 3980 auspespart
1067 3880 1218 3976 blattea,
1246 3884 1357 3959 domat
1382 3883 1448 3957 sorr
1474 3908 1509 3956 es
1534 3883 1601 3958 set'-
1693 3874 1696 3879 ⁵

475 4025 555 4073 nem
579 4026 718 4098 ponzen
755 3999 874 4075 latas
911 4001 1005 4076 nach
1033 4006 1079 4098 (l)
1106 4005 1182 4077 und
1206 4004 1270 4080 mit
1292 4002 1456 4102 srabobert
1490 4001 1619 4100 Krc'sfl

475 4130 532 4194 ten
556 4122 602 4214 (l)
634 4119 864 4195 ontmsacbea
888 4121 1037 4196 konnen.
1078 4124 1232 4197 miratus
1255 4133 1352 4198 esset
1378 4125 1509 4220 utique
1537 4122 1602 4201 Mi-

474 4239 625 4331 nucius,
645 4240 677 4313 si
695 4241 747 4312 sic
765 4265 804 4315 se
822 4242 1106 4338 interpretantes
1125 4242 1299 4317 audisset
1327 4229 1496 4341 Denique
1519 4243 1602 4318 bre·
1650 4338 1652 4343 ,

476 4358 575 4433 niter
600 4383 813 4449 monemus,
840 4385 909 4435 nos
931 4362 969 4436 in
1000 4363 1258 4460 compluribus
1286 4363 1376 4437 locis
1404 4363 1602 4462 uulgarem
1659 4459 1661 4462 Ι

361 4539 365 4549 .
475 4476 766 4577 interpungendi
789 4482 971 4565 rationem
994 4486 1172 4574 mutasse,
1195 4507 1331 4580 quare
1353 4492 1454 4557 recto
1478 4483 1602 4557 ouius-

479 4621 550 4693 que
572 4597 644 4672 loci
666 4598 873 4672 intellectui
894 4600 995 4674 haud
1027 4600 1122 4676 male
1144 4601 1251 4711 nobis
1274 4601 1446 4675 uidemur
1468 4627 1602 4675 consu-
